2884 5184
140 1455 275 1558 Vitam
296 1506 469 1572 moresque
497 1485 608 1550 Caroli
634 1468 798 1551 Ludouici
827 1485 963 1569 Struve,
990 1487 1101 1574 patrui
1122 1486 1197 1568 mei,

56 1578 298 1673 descripturus,
320 1587 436 1670 timeo,
467 1610 509 1651 ne
530 1589 567 1651 in
589 1595 763 1675 utramque
785 1587 953 1652 incurram
976 1588 1198 1675 reprehensio-

55 1711 150 1772 nem,
174 1711 257 1775 quae
281 1697 375 1753 etex
397 1689 523 1774 ingenii
543 1689 656 1776 inopia
681 1698 778 1754 etex
799 1690 900 1755 nimio
927 1691 1062 1776 pietatis
1088 1687 1198 1757 studio

55 1792 171 1855 oritur.
218 1790 292 1870 Quo
315 1791 423 1876 magis
443 1792 530 1854 enim
551 1791 603 1856 vir
630 1789 768 1878 aliquis,
796 1791 973 1878 singularis
999 1790 1101 1855 animi
1129 1810 1197 1874 corf

53 1893 211 1979 ponisque
234 1891 366 1958 dotibus
396 1892 583 1980 praeditus,
613 1892 800 1978 vulgarem,
825 1897 882 1982 qui
908 1891 1095 1959 hominibus
1126 1911 1198 1956 0000

55 1993 157 2075 00101,
187 1991 382 2058 facultatum
408 1993 540 2057 modum
569 1996 732 2079 excessit,
763 2005 796 2060 et
822 1996 957 2060 assidua
985 1995 1111 2080 ingenii
1132 2015 1199 2058 mo·
1258 2030 1268 2043 ·

54 2116 196 2181 rumque
214 2092 343 2179 cultura
365 2087 553 2180 ad'majora
574 2105 769 2184 proveatur,
788 2099 876 2162 inter
895 2117 1017 2184 paucos
1042 2096 1125 2160 istos
1149 2117 1199 2160 re-

54 2195 215 2260 ferendus
238 2205 306 2278 est,
329 2217 411 2283 quos
435 2195 521 2261 00100
543 2199 734 2283 angustiore
756 2196 911 2263 vocabuli
931 2198 1062 2262 notione
1081 2197 1199 2262 viros

54 2296 219 2384 appellari
250 2305 342 2362 aetas
374 2297 461 2363 vult:
496 2320 534 2363 eo
567 2297 737 2363 difficilius
767 2296 866 2362 nobis
905 2298 984 2381 crit,
1022 2300 1200 2384 imaginem

54 2398 159 2484 hujus
179 2398 245 2464 viri
272 2399 383 2463 verbis
411 2399 596 2486 exprimere
624 2408 657 2463 et
686 2400 796 2464 omnia
820 2400 911 2464 vitae
936 2398 1008 2483 ejus
1036 2407 1202 2463 momenta

56 2502 107 2564 ita
129 2521 322 2587 componere
351 2508 384 2563 et
413 2500 590 2585 adornare,
622 2511 673 2585 ut,
712 2500 821 2589 qualis
855 2509 1061 2589 quantusque
1090 2499 1201 2583 fuerit,

56 2601 199 2666 eluceat.
220 2599 222 2602 ’
245 2600 304 2664 Ex
326 2601 430 2666 altera
463 2612 572 2667 autem
600 2611 693 2689 parte
724 2605 771 2688 01,
803 2626 900 2691 quem
930 2603 1201 2688 consanguinitas

54 2725 98 2768 ao
116 2703 227 2790 pietas
245 2725 320 2768 cum
340 2702 403 2768 hoo
425 2704 496 2769 viro
519 2704 707 2790 conjunxit,
730 2705 914 2770 cavendum
933 2712 1001 2787 001,
1025 2726 1067 2767 ne
1095 2703 1202 2791 splen·

56 2803 151 2869 nidis
174 2805 278 2869 radiis
300 2807 427 2891 ingenii
449 2807 539 2892 ejus,
570 2827 666 2892 quem
687 2826 788 2893 prope
811 2814 958 2892 spectare
987 2813 1019 2869 01
1046 2804 1202 2868 admirari

55 2907 218 2991 contigit,
238 2906 285 2970 ita
305 2917 497 2973 occaecetur
518 2916 551 2972 01
570 2906 754 2988 irretiatur,
773 2913 810 2969 ut
829 2906 973 2970 animum
995 2927 1061 2970 non
1087 2904 1203 2970 adver-

56 3015 110 3072 tat
144 3006 188 3071 ad
220 3029 277 3071 000
313 3017 439 3095 partes,
474 3030 558 3096 quae
587 3028 604 3070 0
631 3005 810 3092 longinquo
839 3005 947 3071 sobrie
972 3006 1206 3094 contemplanti

54 3111 172 3174 minus
196 3109 300 3173 nitere
322 3109 508 3175 videantur.
546 3109 626 3174 Ideo
651 3109 751 3174 venia
777 3129 798 3170 a
827 3097 1005 3174 lectoribus
1034 3106 1204 3174 benevolis

55 3208 207 3298 petenda
228 3209 309 3274 mihi
337 3220 405 3295 est,
432 3213 460 3276 01
485 3220 520 3277 01
545 3232 605 3300 pro
630 3210 757 3296 ingenii
782 3210 847 3274 mei
869 3209 1095 3276 imbecillitate
1117 3208 1206 3274 infra

57 3310 308 3395 sublimiorem,
322 3313 410 3378 unde
431 3313 471 3377 de
492 3312 555 3378 hoc
575 3314 647 3378 viro
663 3311 810 3397 judicari
824 3319 987 3399 oporteat,
1003 3312 1111 3378 locum
1129 3312 1204 3378 sub-

58 3414 223 3496 stiterim,
242 3420 275 3475 01
297 3414 364 3479 0110
384 3417 520 3502 pietatis
539 3436 640 3481 sensu
660 3414 795 3499 ductus,
817 3415 1017 3501 gratioribus
1041 3415 1205 3482 coloribus

57 3515 245 3600 imaginem
268 3519 339 3602 ejus
361 3517 534 3583 delineem.
1142 3597 1148 3606 .

150 3614 257 3681 Natus
287 3626 338 3681 est
365 3616 539 3684 Carolus
569 3618 809 3683 Ludovicus
837 3618 984 3685 Struve
1013 3617 1045 3682 d.
1074 3617 1093 3699 2
1124 3614 1207 3700 Maji

56 3718 190 3783 mensis
213 3739 244 3781 a.
270 3720 351 3783 1785
374 3719 546 3787 Hanoviae
573 3725 666 3805 patre
689 3718 830 3800 Jacobo,
860 3727 985 3783 rectore
1013 3725 1083 3780 tum
1102 3715 1207 3800 Lycei

55 3817 285 3901 illius-urbis,
309 3828 412 3885 matre
425 3820 532 3885 Maria
543 3819 734 3884 Emerentia
740 3866 750 3901 ,
771 3818 840 3882 filia
859 3813 1208 3883 ecclesiasticiLuthe·

56 3920 138 3985 rani
160 3918 299 4004 Wiesii,
321 3923 378 4008 qui
398 3943 508 3986 rerum
531 3938 697 3987 sacrarum
718 3920 856 3984 antistes
868 3917 1111 4000 Steinbcckiae,
1133 3916 1207 3981 vico

55 4019 239 4086 Holsatiae
261 4044 362 4109 prope
379 4022 609 4109 Hamburgum
632 4024 711 4105 sito,
734 4020 825 4085 obiit.
860 4019 929 4085 Sub
950 4018 1055 4084 tutela
1075 4024 1108 4081 et
1128 4036 1208 4081 cura

54 4124 188 4211 patris,
209 4123 267 4211 qui
287 4124 322 4187 in
342 4123 534 4211 disciplinas
552 4122 787 4211 philologicas,
809 4120 1012 4206 theologicas
1033 4127 1066 4182 et
1086 4116 1208 4181 mathe-

55 4226 208 4289 maticas
230 4225 303 4311 pari
325 4224 435 4289 studio
454 4222 681 4304 incumbebat,
697 4221 865 4309 multaque
888 4219 1022 4307 egregia
1040 4210 1208 4283 doctrinae

56 4326 252 4414 specimina
274 4325 410 4409 edebat,
442 4334 475 4389 et
499 4326 599 4389 etiam
621 4323 797 4389 hodiernus
825 4323 974 4409 linguas,
1003 4328 1040 4384 ut
1066 4319 1209 4409 Franco

53 4426 227 4512 gallicam
248 4436 281 4491 01
294 4426 487 4513 Anglioam,
508 4427 640 4513 penitus
659 4425 810 4509 cognitas
831 4423 991 4505 habebat,
1013 4422 1049 4485 in
1072 4420 1209 4484 011111111-

53 4527 306 4616 dulgentiaque
327 4530 442 4593 matris
462 4527 650 4614 piissimae,
670 4526 755 4592 bene
774 4525 939 4607 eruditae,
963 4520 1112 4605 Carolus,
1131 4520 1211 4586 libe-
