<?xml version="1.0" encoding="UTF-8"?>
<!DOCTYPE html PUBLIC "-//W3C//DTD XHTML 1.0 Transitional//EN"
    "http://www.w3.org/TR/xhtml1/DTD/xhtml1-transitional.dtd">
<html xmlns="http://www.w3.org/1999/xhtml" xml:lang="en" lang="en">
 <head>
  <title>
</title>
<meta http-equiv="Content-Type" content="text/html;charset=utf-8" />
  <meta name='ocr-system' content='tesseract 3.04.00' />
  <meta name='ocr-capabilities' content='ocr_page ocr_carea ocr_par ocr_line ocrx_word'/>
</head>
<body>
  <div class='ocr_page' id='page_1' title='image "./caroliludovicis01strugoog_0023.png"; bbox 0 0 2884 5184; ppageno 0'>
   <div class='ocr_carea' id='block_1_1' title="bbox 396 479 1217 577">
    <p class='ocr_par' dir='ltr' id='par_1_1' title="bbox 396 479 1217 577">
     <span class='ocr_line' id='line_1_1' title="bbox 396 479 1217 577; baseline 0.016 -51"><span class='ocrx_word' id='word_1_1' title='bbox 396 480 480 528; x_wconf 79' lang='grc' dir='ltr'>ἮΤΑ</span> <span class='ocrx_word' id='word_1_2' title='bbox 502 479 580 527; x_wconf 78' lang='lat' dir='ltr'>CAR.</span> <span class='ocrx_word' id='word_1_3' title='bbox 603 481 733 529; x_wconf 83' lang='lat' dir='ltr'><strong>LUDOV.</strong></span> <span class='ocrx_word' id='word_1_4' title='bbox 758 482 903 577; x_wconf 61' lang='lat' dir='ltr'><strong>STRUYE.</strong></span> <span class='ocrx_word' id='word_1_5' title='bbox 1142 492 1217 538; x_wconf 81' lang='lat' dir='ltr'>xvss</span> 
     </span>
    </p>
   </div>
   <div class='ocr_carea' id='block_1_2' title="bbox 71 648 1215 941">
    <p class='ocr_par' dir='ltr' id='par_1_2' title="bbox 71 648 1215 941">
     <span class='ocr_line' id='line_1_2' title="bbox 73 648 1215 741; baseline 0.009 -30"><span class='ocrx_word' id='word_1_6' title='bbox 73 648 235 712; x_wconf 85' lang='lat' dir='ltr'>festivam</span> <span class='ocrx_word' id='word_1_7' title='bbox 258 651 456 714; x_wconf 80' lang='lat' dir='ltr'><strong>sententiam</strong></span> <span class='ocrx_word' id='word_1_8' title='bbox 477 653 689 738; x_wconf 78' lang='lat' dir='ltr'>exprompsit.</span> <span class='ocrx_word' id='word_1_9' title='bbox 713 652 860 718; x_wconf 84' lang='lat' dir='ltr'>Fervens</span> <span class='ocrx_word' id='word_1_10' title='bbox 883 652 941 718; x_wconf 92' lang='lat' dir='ltr'>illo</span> <span class='ocrx_word' id='word_1_11' title='bbox 958 663 1102 741; x_wconf 89' lang='lat' dir='ltr'>tempore</span> <span class='ocrx_word' id='word_1_12' title='bbox 1120 659 1215 741; x_wconf 88' lang='lat' dir='ltr'>pueri</span> 
     </span>
     <span class='ocr_line' id='line_1_3' title="bbox 72 750 1214 842; baseline 0.006 -29"><span class='ocrx_word' id='word_1_13' title='bbox 72 750 249 833; x_wconf 85' lang='lat' dir='ltr'>ingenium</span> <span class='ocrx_word' id='word_1_14' title='bbox 273 772 371 837; x_wconf 83' lang='lat' dir='ltr'>saepe</span> <span class='ocrx_word' id='word_1_15' title='bbox 401 753 517 835; x_wconf 90' lang='lat' dir='ltr'>iniis,</span> <span class='ocrx_word' id='word_1_16' title='bbox 546 773 630 838; x_wconf 91' lang='lat' dir='ltr'>quae</span> <span class='ocrx_word' id='word_1_17' title='bbox 655 773 675 815; x_wconf 89' lang='lat' dir='ltr'>a</span> <span class='ocrx_word' id='word_1_18' title='bbox 700 755 966 841; x_wconf 83' lang='lat' dir='ltr'>praeceptoribus</span> <span class='ocrx_word' id='word_1_19' title='bbox 989 757 1214 842; x_wconf 88' lang='lat' dir='ltr'>proponeban-</span> 
     </span>
     <span class='ocr_line' id='line_1_4' title="bbox 71 849 1213 941; baseline 0.007 -27"><span class='ocrx_word' id='word_1_20' title='bbox 71 860 147 933; x_wconf 92' lang='lat' dir='ltr'>tur,</span> <span class='ocrx_word' id='word_1_21' title='bbox 172 849 450 937; x_wconf 75' lang='lat' dir='ltr'>explicationibus</span> <span class='ocrx_word' id='word_1_22' title='bbox 469 874 535 917; x_wconf 92' lang='lat' dir='ltr'>non</span> <span class='ocrx_word' id='word_1_23' title='bbox 556 856 804 940; x_wconf 77' lang='lat' dir='ltr'>acquiescebat,</span> <span class='ocrx_word' id='word_1_24' title='bbox 828 854 886 918; x_wconf 91' lang='lat' dir='ltr'>sed</span> <span class='ocrx_word' id='word_1_25' title='bbox 907 856 978 941; x_wconf 90' lang='lat' dir='ltr'>ipse</span> <span class='ocrx_word' id='word_1_26' title='bbox 999 855 1144 921; x_wconf 91' lang='lat' dir='ltr'>locorum</span> <span class='ocrx_word' id='word_1_27' title='bbox 1158 857 1213 922; x_wconf 94' lang='lat' dir='ltr'>ob-</span> 
     </span>
    </p>
   </div>
   <div class='ocr_carea' id='block_1_3' title="bbox 72 952 1307 1041">
    <p class='ocr_par' dir='ltr' id='par_1_3' title="bbox 72 952 1307 1041">
     <span class='ocr_line' id='line_1_5' title="bbox 72 952 1307 1041; baseline 0.006 -27"><span class='ocrx_word' id='word_1_28' title='bbox 72 952 261 1016; x_wconf 87' lang='lat' dir='ltr'>scuriorum</span> <span class='ocrx_word' id='word_1_29' title='bbox 284 972 416 1015; x_wconf 85' lang='lat' dir='ltr'>sensum</span> <span class='ocrx_word' id='word_1_30' title='bbox 434 973 548 1018; x_wconf 90' lang='lat' dir='ltr'>eruere</span> <span class='ocrx_word' id='word_1_31' title='bbox 571 955 742 1037; x_wconf 87' lang='lat' dir='ltr'>studebat,</span> <span class='ocrx_word' id='word_1_32' title='bbox 765 977 871 1041; x_wconf 89' lang='lat' dir='ltr'>neque</span> <span class='ocrx_word' id='word_1_33' title='bbox 893 977 967 1019; x_wconf 88' lang='lat' dir='ltr'>raro</span> <span class='ocrx_word' id='word_1_34' title='bbox 995 955 1161 1020; x_wconf 91' lang='lat' dir='ltr'>silentium</span> <span class='ocrx_word' id='word_1_35' title='bbox 1183 961 1214 1022; x_wconf 90' lang='lat' dir='ltr'>ei</span> <span class='ocrx_word' id='word_1_36' title='bbox 1304 1014 1307 1021; x_wconf 89' lang='lat'><strong>.</strong></span> 
     </span>
    </p>
   </div>
   <div class='ocr_carea' id='block_1_4' title="bbox 61 1053 1274 4555">
    <p class='ocr_par' dir='ltr' id='par_1_4' title="bbox 61 1053 1274 4555">
     <span class='ocr_line' id='line_1_6' title="bbox 70 1053 1213 1143; baseline 0.004 -27"><span class='ocrx_word' id='word_1_37' title='bbox 70 1053 306 1138; x_wconf 90' lang='lat' dir='ltr'>imperandum</span> <span class='ocrx_word' id='word_1_38' title='bbox 325 1061 468 1134; x_wconf 87' lang='lat' dir='ltr'>erat,-ne</span> <span class='ocrx_word' id='word_1_39' title='bbox 489 1076 599 1119; x_wconf 89' lang='lat' dir='ltr'>coram</span> <span class='ocrx_word' id='word_1_40' title='bbox 617 1055 852 1142; x_wconf 91' lang='lat' dir='ltr'>condiscipulis</span> <span class='ocrx_word' id='word_1_41' title='bbox 866 1059 1033 1141; x_wconf 85' lang='lat' dir='ltr'>perpetuis</span> <span class='ocrx_word' id='word_1_42' title='bbox 1053 1060 1213 1143; x_wconf 90' lang='lat' dir='ltr'>quaestio·</span> 
     </span>
     <span class='ocr_line' id='line_1_7' title="bbox 71 1153 1213 1242; baseline 0.003 -25"><span class='ocrx_word' id='word_1_43' title='bbox 71 1153 174 1218; x_wconf 91' lang='lat' dir='ltr'>nibus</span> <span class='ocrx_word' id='word_1_44' title='bbox 198 1153 369 1218; x_wconf 89' lang='lat' dir='ltr'>docentem</span> <span class='ocrx_word' id='word_1_45' title='bbox 390 1156 488 1218; x_wconf 90' lang='lat' dir='ltr'>nimis</span> <span class='ocrx_word' id='word_1_46' title='bbox 511 1164 652 1240; x_wconf 87' lang='lat' dir='ltr'>urgeret.</span> <span class='ocrx_word' id='word_1_47' title='bbox 682 1156 779 1221; x_wconf 89' lang='lat' dir='ltr'>Anno</span> <span class='ocrx_word' id='word_1_48' title='bbox 794 1158 874 1219; x_wconf 77' lang='lat'>1798</span> <span class='ocrx_word' id='word_1_49' title='bbox 892 1157 927 1218; x_wconf 92' lang='lat' dir='ltr'>in</span> <span class='ocrx_word' id='word_1_50' title='bbox 946 1156 1111 1238; x_wconf 76' lang='lat' dir='ltr'>selectam,</span> <span class='ocrx_word' id='word_1_51' title='bbox 1129 1179 1213 1242; x_wconf 91' lang='lat' dir='ltr'>quae</span> 
     </span>
     <span class='ocr_line' id='line_1_8' title="bbox 72 1254 1213 1343; baseline 0.003 -24"><span class='ocrx_word' id='word_1_52' title='bbox 72 1264 228 1339; x_wconf 92' lang='lat' dir='ltr'>vocatur,</span> <span class='ocrx_word' id='word_1_53' title='bbox 252 1256 418 1340; x_wconf 85' lang='lat' dir='ltr'>gymnasii</span> <span class='ocrx_word' id='word_1_54' title='bbox 444 1254 534 1318; x_wconf 88' lang='lat' dir='ltr'>illius</span> <span class='ocrx_word' id='word_1_55' title='bbox 562 1256 701 1321; x_wconf 84' lang='lat' dir='ltr'>classem</span> <span class='ocrx_word' id='word_1_56' title='bbox 730 1256 884 1338; x_wconf 89' lang='lat' dir='ltr'>intravit,</span> <span class='ocrx_word' id='word_1_57' title='bbox 911 1256 1011 1335; x_wconf 90' lang='lat' dir='ltr'>unde,</span> <span class='ocrx_word' id='word_1_58' title='bbox 1040 1258 1213 1343; x_wconf 88' lang='lat' dir='ltr'>principiis</span> 
     </span>
     <span class='ocr_line' id='line_1_9' title="bbox 72 1355 1211 1443; baseline 0.001 -23"><span class='ocrx_word' id='word_1_59' title='bbox 72 1358 258 1439; x_wconf 89' lang='lat' dir='ltr'>variarum,</span> <span class='ocrx_word' id='word_1_60' title='bbox 280 1378 364 1443; x_wconf 89' lang='lat' dir='ltr'>quae</span> <span class='ocrx_word' id='word_1_61' title='bbox 386 1357 421 1418; x_wconf 89' lang='lat' dir='ltr'>in</span> <span class='ocrx_word' id='word_1_62' title='bbox 443 1358 656 1422; x_wconf 83' lang='lat' dir='ltr'>universitate</span> <span class='ocrx_word' id='word_1_63' title='bbox 676 1358 860 1435; x_wconf 87' lang='lat' dir='ltr'>traduntur,</span> <span class='ocrx_word' id='word_1_64' title='bbox 885 1355 1133 1439; x_wconf 89' lang='lat' dir='ltr'>disciplinarum</span> <span class='ocrx_word' id='word_1_65' title='bbox 1154 1360 1211 1421; x_wconf 90' lang='lat' dir='ltr'>im·</span> 
     </span>
     <span class='ocr_line' id='line_1_10' title="bbox 70 1452 1210 1542; baseline 0.001 -21"><span class='ocrx_word' id='word_1_66' title='bbox 70 1457 162 1539; x_wconf 90' lang='lat' dir='ltr'>buti,</span> <span class='ocrx_word' id='word_1_67' title='bbox 182 1457 325 1542; x_wconf 87' lang='lat' dir='ltr'>juvenes</span> <span class='ocrx_word' id='word_1_68' title='bbox 347 1458 382 1520; x_wconf 91' lang='lat' dir='ltr'>in</span> <span class='ocrx_word' id='word_1_69' title='bbox 403 1458 603 1521; x_wconf 85' lang='lat' dir='ltr'>academiam</span> <span class='ocrx_word' id='word_1_70' title='bbox 623 1481 657 1521; x_wconf 91' lang='lat' dir='ltr'>se</span> <span class='ocrx_word' id='word_1_71' title='bbox 679 1459 861 1522; x_wconf 90' lang='lat' dir='ltr'>conferunt.</span> <span class='ocrx_word' id='word_1_72' title='bbox 895 1452 965 1514; x_wconf 91' lang='lat' dir='ltr'>Iam</span> <span class='ocrx_word' id='word_1_73' title='bbox 984 1455 1120 1519; x_wconf 91' lang='lat' dir='ltr'>multum</span> <span class='ocrx_word' id='word_1_74' title='bbox 1131 1467 1210 1521; x_wconf 89' lang='lat' dir='ltr'>tem-</span> 
     </span>
     <span class='ocr_line' id='line_1_11' title="bbox 69 1552 1211 1645; baseline -0.002 -23"><span class='ocrx_word' id='word_1_75' title='bbox 69 1558 164 1644; x_wconf 88' lang='lat' dir='ltr'>poris</span> <span class='ocrx_word' id='word_1_76' title='bbox 186 1559 326 1644; x_wconf 86' lang='lat' dir='ltr'>privatis</span> <span class='ocrx_word' id='word_1_77' title='bbox 350 1559 468 1622; x_wconf 90' lang='lat' dir='ltr'>studiis</span> <span class='ocrx_word' id='word_1_78' title='bbox 492 1560 695 1645; x_wconf 87' lang='lat' dir='ltr'>consumpsit</span> <span class='ocrx_word' id='word_1_79' title='bbox 716 1566 749 1620; x_wconf 92' lang='lat' dir='ltr'>et</span> <span class='ocrx_word' id='word_1_80' title='bbox 776 1552 932 1634; x_wconf 88' lang='lat' dir='ltr'>majorem</span> <span class='ocrx_word' id='word_1_81' title='bbox 960 1563 1088 1637; x_wconf 83' lang='lat' dir='ltr'>partem</span> <span class='ocrx_word' id='word_1_82' title='bbox 1110 1558 1211 1620; x_wconf 78' lang='lat' dir='ltr'>Grae-</span> 
     </span>
     <span class='ocr_line' id='line_1_12' title="bbox 70 1650 1209 1742; baseline -0.001 -19"><span class='ocrx_word' id='word_1_83' title='bbox 70 1680 188 1723; x_wconf 91' lang='lat' dir='ltr'>corum</span> <span class='ocrx_word' id='word_1_84' title='bbox 209 1680 248 1722; x_wconf 90' lang='lat' dir='ltr'>ac</span> <span class='ocrx_word' id='word_1_85' title='bbox 269 1658 490 1721; x_wconf 89' lang='lat' dir='ltr'>Romanorum</span> <span class='ocrx_word' id='word_1_86' title='bbox 516 1658 745 1722; x_wconf 88' lang='lat' dir='ltr'>historicorum</span> <span class='ocrx_word' id='word_1_87' title='bbox 775 1650 908 1715; x_wconf 85' lang='lat' dir='ltr'>assidua</span> <span class='ocrx_word' id='word_1_88' title='bbox 929 1651 1068 1717; x_wconf 91' lang='lat' dir='ltr'>lectione</span> <span class='ocrx_word' id='word_1_89' title='bbox 1092 1678 1209 1742; x_wconf 79' lang='lat' dir='ltr'>cogno</span> 
     </span>
     <span class='ocr_line' id='line_1_13' title="bbox 69 1750 1208 1845; baseline -0.003 -20"><span class='ocrx_word' id='word_1_90' title='bbox 69 1761 134 1826; x_wconf 89' lang='lat' dir='ltr'>vit.</span> <span class='ocrx_word' id='word_1_91' title='bbox 173 1761 213 1823; x_wconf 91' lang='lat' dir='ltr'>In</span> <span class='ocrx_word' id='word_1_92' title='bbox 239 1758 369 1823; x_wconf 88' lang='lat' dir='ltr'>schedis</span> <span class='ocrx_word' id='word_1_93' title='bbox 389 1760 462 1845; x_wconf 87' lang='lat' dir='ltr'>ejus</span> <span class='ocrx_word' id='word_1_94' title='bbox 481 1766 670 1823; x_wconf 87' lang='lat' dir='ltr'>asservatur</span> <span class='ocrx_word' id='word_1_95' title='bbox 688 1752 821 1837; x_wconf 90' lang='lat' dir='ltr'>scriptio</span> <span class='ocrx_word' id='word_1_96' title='bbox 846 1751 886 1813; x_wconf 90' lang='lat' dir='ltr'>de</span> <span class='ocrx_word' id='word_1_97' title='bbox 907 1750 1029 1837; x_wconf 90' lang='lat' dir='ltr'>hymno</span> <span class='ocrx_word' id='word_1_98' title='bbox 1050 1754 1208 1822; x_wconf 90' lang='lat' dir='ltr'>Mesome-</span> 
     </span>
     <span class='ocr_line' id='line_1_14' title="bbox 69 1858 1274 1947; baseline 0 -24"><span class='ocrx_word' id='word_1_99' title='bbox 69 1860 125 1924; x_wconf 90' lang='lat' dir='ltr'>dis</span> <span class='ocrx_word' id='word_1_100' title='bbox 147 1862 183 1923; x_wconf 91' lang='lat' dir='ltr'>in</span> <span class='ocrx_word' id='word_1_101' title='bbox 202 1859 375 1942; x_wconf 87' lang='lat' dir='ltr'>Nemesin,</span> <span class='ocrx_word' id='word_1_102' title='bbox 399 1880 502 1947; x_wconf 88' lang='lat' dir='ltr'>eaque</span> <span class='ocrx_word' id='word_1_103' title='bbox 525 1859 567 1922; x_wconf 88' lang='lat' dir='ltr'>ad</span> <span class='ocrx_word' id='word_1_104' title='bbox 585 1867 709 1943; x_wconf 86' lang='lat' dir='ltr'>patrem</span> <span class='ocrx_word' id='word_1_105' title='bbox 732 1873 906 1934; x_wconf 87' lang='lat' dir='ltr'>conversa,</span> <span class='ocrx_word' id='word_1_106' title='bbox 936 1861 973 1917; x_wconf 94' lang='lat' dir='ltr'>ut</span> <span class='ocrx_word' id='word_1_107' title='bbox 1000 1863 1094 1940; x_wconf 89' lang='lat' dir='ltr'>putes</span> <span class='ocrx_word' id='word_1_108' title='bbox 1124 1858 1208 1924; x_wconf 92' lang='lat' dir='ltr'>hanc</span> <span class='ocrx_word' id='word_1_109' title='bbox 1259 1868 1274 1891; x_wconf 81' lang='lat'><strong>·</strong></span> 
     </span>
     <span class='ocr_line' id='line_1_15' title="bbox 68 1952 1205 2047; baseline -0.001 -23"><span class='ocrx_word' id='word_1_110' title='bbox 68 1980 173 2024; x_wconf 89' lang='lat' dir='ltr'>unam</span> <span class='ocrx_word' id='word_1_111' title='bbox 195 1982 268 2025; x_wconf 91' lang='lat' dir='ltr'>esse</span> <span class='ocrx_word' id='word_1_112' title='bbox 290 1961 411 2043; x_wconf 87' lang='lat' dir='ltr'>exiis,</span> <span class='ocrx_word' id='word_1_113' title='bbox 438 1982 519 2047; x_wconf 91' lang='lat' dir='ltr'>quas</span> <span class='ocrx_word' id='word_1_114' title='bbox 547 1969 614 2020; x_wconf 87' lang='lat' dir='ltr'>tum</span> <span class='ocrx_word' id='word_1_115' title='bbox 636 1952 789 2036; x_wconf 90' lang='lat' dir='ltr'>privatim</span> <span class='ocrx_word' id='word_1_116' title='bbox 810 1955 895 2039; x_wconf 90' lang='lat' dir='ltr'>patri</span> <span class='ocrx_word' id='word_1_117' title='bbox 917 1953 1046 2018; x_wconf 87' lang='lat' dir='ltr'>tradere</span> <span class='ocrx_word' id='word_1_118' title='bbox 1069 1955 1205 2024; x_wconf 89' lang='lat' dir='ltr'>solebat.</span> 
     </span>
     <span class='ocr_line' id='line_1_16' title="bbox 69 2050 1205 2146; baseline -0.002 -22"><span class='ocrx_word' id='word_1_119' title='bbox 69 2061 207 2125; x_wconf 88' lang='lat' dir='ltr'>Annum</span> <span class='ocrx_word' id='word_1_120' title='bbox 229 2063 346 2127; x_wconf 85' lang='lat' dir='ltr'>aetatis</span> <span class='ocrx_word' id='word_1_121' title='bbox 366 2083 468 2146; x_wconf 82' lang='lat' dir='ltr'>agens</span> <span class='ocrx_word' id='word_1_122' title='bbox 494 2062 640 2139; x_wconf 83' lang='lat' dir='ltr'>quartum</span> <span class='ocrx_word' id='word_1_123' title='bbox 669 2050 849 2135; x_wconf 87' lang='lat' dir='ltr'>decimum,</span> <span class='ocrx_word' id='word_1_124' title='bbox 881 2054 934 2118; x_wconf 90' lang='lat' dir='ltr'>die</span> <span class='ocrx_word' id='word_1_125' title='bbox 964 2055 1066 2120; x_wconf 87' lang='lat' dir='ltr'>natali</span> <span class='ocrx_word' id='word_1_126' title='bbox 1092 2059 1205 2144; x_wconf 87' lang='lat' dir='ltr'>Augu·</span> 
     </span>
     <span class='ocr_line' id='line_1_17' title="bbox 71 2151 1204 2239; baseline 0.009 -25"><span class='ocrx_word' id='word_1_127' title='bbox 71 2163 211 2226; x_wconf 66' lang='lat' dir='ltr'>stigflimi</span> <span class='ocrx_word' id='word_1_128' title='bbox 231 2161 361 2226; x_wconf 66' lang='lat' dir='ltr'>Daniae</span> <span class='ocrx_word' id='word_1_129' title='bbox 388 2161 486 2235; x_wconf 70' lang='lat' dir='ltr'>Regia</span> <span class='ocrx_word' id='word_1_130' title='bbox 514 2152 693 2214; x_wconf 80' lang='lat' dir='ltr'>Christiani</span> <span class='ocrx_word' id='word_1_131' title='bbox 718 2151 872 2237; x_wconf 86' lang='lat' dir='ltr'>Septimi,</span> <span class='ocrx_word' id='word_1_132' title='bbox 900 2176 996 2239; x_wconf 92' lang='lat' dir='ltr'>quem</span> <span class='ocrx_word' id='word_1_133' title='bbox 1026 2156 1113 2220; x_wconf 91' lang='lat' dir='ltr'>diem</span> <span class='ocrx_word' id='word_1_134' title='bbox 1143 2160 1204 2224; x_wconf 86' lang='lat' dir='ltr'>sol-</span> 
     </span>
     <span class='ocr_line' id='line_1_18' title="bbox 69 2248 1205 2345; baseline 0.009 -31"><span class='ocrx_word' id='word_1_135' title='bbox 69 2262 173 2327; x_wconf 71' lang='lat' dir='ltr'>lemni</span> <span class='ocrx_word' id='word_1_136' title='bbox 193 2273 270 2328; x_wconf 64' lang='lat' dir='ltr'>actu</span> <span class='ocrx_word' id='word_1_137' title='bbox 291 2265 326 2323; x_wconf 73' lang='lat' dir='ltr'>in</span> <span class='ocrx_word' id='word_1_138' title='bbox 344 2250 512 2341; x_wconf 67' lang='lat' dir='ltr'>gymnasio</span> <span class='ocrx_word' id='word_1_139' title='bbox 537 2248 763 2333; x_wconf 86' lang='lat' dir='ltr'>celebrabant,</span> <span class='ocrx_word' id='word_1_140' title='bbox 792 2253 933 2339; x_wconf 90' lang='lat' dir='ltr'>primum</span> <span class='ocrx_word' id='word_1_141' title='bbox 962 2265 1122 2320; x_wconf 87' lang='lat' dir='ltr'>oratorem</span> <span class='ocrx_word' id='word_1_142' title='bbox 1147 2283 1205 2345; x_wconf 90' lang='lat' dir='ltr'>pu-</span> 
     </span>
     <span class='ocr_line' id='line_1_19' title="bbox 68 2350 1206 2429; baseline 0.007 -14"><span class='ocrx_word' id='word_1_143' title='bbox 68 2364 194 2429; x_wconf 65' lang='lat' dir='ltr'>blicum</span> <span class='ocrx_word' id='word_1_144' title='bbox 214 2384 248 2426; x_wconf 63' lang='lat' dir='ltr'>se</span> <span class='ocrx_word' id='word_1_145' title='bbox 271 2351 418 2423; x_wconf 61' lang='lat' dir='ltr'>exhibuit</span> <span class='ocrx_word' id='word_1_146' title='bbox 450 2359 483 2413; x_wconf 91' lang='lat' dir='ltr'>et</span> <span class='ocrx_word' id='word_1_147' title='bbox 513 2350 659 2413; x_wconf 89' lang='lat' dir='ltr'>oratione</span> <span class='ocrx_word' id='word_1_148' title='bbox 692 2352 844 2415; x_wconf 91' lang='lat' dir='ltr'>versibus</span> <span class='ocrx_word' id='word_1_149' title='bbox 877 2354 1063 2417; x_wconf 85' lang='lat' dir='ltr'>vernaculis</span> <span class='ocrx_word' id='word_1_150' title='bbox 1094 2357 1206 2423; x_wconf 89' lang='lat' dir='ltr'>habita</span> 
     </span>
     <span class='ocr_line' id='line_1_20' title="bbox 69 2450 1205 2545; baseline 0.006 -24"><span class='ocrx_word' id='word_1_151' title='bbox 69 2482 222 2545; x_wconf 83' lang='lat' dir='ltr'>magnam</span> <span class='ocrx_word' id='word_1_152' title='bbox 239 2453 397 2533; x_wconf 91' lang='lat' dir='ltr'>omnium,</span> <span class='ocrx_word' id='word_1_153' title='bbox 417 2451 473 2536; x_wconf 92' lang='lat' dir='ltr'>qui</span> <span class='ocrx_word' id='word_1_154' title='bbox 496 2450 687 2533; x_wconf 89' lang='lat' dir='ltr'>adfuerunt,</span> <span class='ocrx_word' id='word_1_155' title='bbox 705 2451 836 2516; x_wconf 88' lang='lat' dir='ltr'>laudem</span> <span class='ocrx_word' id='word_1_156' title='bbox 858 2454 995 2541; x_wconf 90' lang='lat' dir='ltr'>adeptus</span> <span class='ocrx_word' id='word_1_157' title='bbox 1016 2468 1076 2522; x_wconf 91' lang='lat' dir='ltr'>est.</span> <span class='ocrx_word' id='word_1_158' title='bbox 1106 2462 1205 2528; x_wconf 90' lang='lat' dir='ltr'>Pater</span> 
     </span>
     <span class='ocr_line' id='line_1_21' title="bbox 70 2551 1203 2649; baseline 0.004 -24"><span class='ocrx_word' id='word_1_159' title='bbox 70 2564 160 2649; x_wconf 91' lang='lat' dir='ltr'>prior</span> <span class='ocrx_word' id='word_1_160' title='bbox 179 2560 306 2619; x_wconf 90' lang='lat' dir='ltr'>locutus</span> <span class='ocrx_word' id='word_1_161' title='bbox 329 2560 418 2633; x_wconf 71' lang='lat' dir='ltr'>erat,</span> <span class='ocrx_word' id='word_1_162' title='bbox 442 2551 629 2617; x_wconf 88' lang='lat' dir='ltr'>auditorum</span> <span class='ocrx_word' id='word_1_163' title='bbox 652 2575 733 2618; x_wconf 90' lang='lat' dir='ltr'>vcro</span> <span class='ocrx_word' id='word_1_164' title='bbox 755 2556 938 2619; x_wconf 91' lang='lat' dir='ltr'>sententiae</span> <span class='ocrx_word' id='word_1_165' title='bbox 967 2559 1002 2621; x_wconf 92' lang='lat' dir='ltr'>in</span> <span class='ocrx_word' id='word_1_166' title='bbox 1025 2581 1063 2623; x_wconf 90' lang='lat' dir='ltr'>eo</span> <span class='ocrx_word' id='word_1_167' title='bbox 1086 2584 1203 2629; x_wconf 91' lang='lat' dir='ltr'>convc-</span> 
     </span>
     <span class='ocr_line' id='line_1_22' title="bbox 66 2654 1202 2749; baseline 0.004 -26"><span class='ocrx_word' id='word_1_168' title='bbox 66 2663 202 2736; x_wconf 88' lang='lat' dir='ltr'>nerunt,</span> <span class='ocrx_word' id='word_1_169' title='bbox 233 2663 270 2717; x_wconf 92' lang='lat' dir='ltr'>ut</span> <span class='ocrx_word' id='word_1_170' title='bbox 296 2654 399 2740; x_wconf 89' lang='lat' dir='ltr'>patris</span> <span class='ocrx_word' id='word_1_171' title='bbox 430 2654 610 2718; x_wconf 90' lang='lat' dir='ltr'>orationem</span> <span class='ocrx_word' id='word_1_172' title='bbox 637 2654 808 2740; x_wconf 91' lang='lat' dir='ltr'>pulchram</span> <span class='ocrx_word' id='word_1_173' title='bbox 839 2665 871 2719; x_wconf 92' lang='lat' dir='ltr'>et</span> <span class='ocrx_word' id='word_1_174' title='bbox 898 2657 982 2722; x_wconf 90' lang='lat' dir='ltr'>bene</span> <span class='ocrx_word' id='word_1_175' title='bbox 1006 2683 1202 2749; x_wconf 87' lang='lat' dir='ltr'>perpensam</span> 
     </span>
     <span class='ocr_line' id='line_1_23' title="bbox 66 2755 1203 2837; baseline 0.01 -15"><span class='ocrx_word' id='word_1_176' title='bbox 66 2760 230 2837; x_wconf 91' lang='lat' dir='ltr'>dicerent,</span> <span class='ocrx_word' id='word_1_177' title='bbox 258 2755 361 2819; x_wconf 88' lang='lat' dir='ltr'>filium</span> <span class='ocrx_word' id='word_1_178' title='bbox 384 2776 462 2821; x_wconf 91' lang='lat' dir='ltr'>vero</span> <span class='ocrx_word' id='word_1_179' title='bbox 490 2756 640 2820; x_wconf 90' lang='lat' dir='ltr'>versibus</span> <span class='ocrx_word' id='word_1_180' title='bbox 670 2757 876 2821; x_wconf 85' lang='lat' dir='ltr'>suavissimis</span> <span class='ocrx_word' id='word_1_181' title='bbox 904 2761 1030 2826; x_wconf 88' lang='lat' dir='ltr'>animos</span> <span class='ocrx_word' id='word_1_182' title='bbox 1058 2770 1203 2833; x_wconf 91' lang='lat' dir='ltr'>omnium</span> 
     </span>
     <span class='ocr_line' id='line_1_24' title="bbox 64 2855 1202 2943; baseline 0.008 -22"><span class='ocrx_word' id='word_1_183' title='bbox 64 2859 186 2921; x_wconf 89' lang='lat' dir='ltr'>aeriter</span> <span class='ocrx_word' id='word_1_184' title='bbox 207 2855 387 2943; x_wconf 84' lang='lat' dir='ltr'>perculisse</span> <span class='ocrx_word' id='word_1_185' title='bbox 409 2856 621 2920; x_wconf 88' lang='lat' dir='ltr'>affirmarent.</span> <span class='ocrx_word' id='word_1_186' title='bbox 658 2855 769 2919; x_wconf 86' lang='lat' dir='ltr'>Etiam</span> <span class='ocrx_word' id='word_1_187' title='bbox 788 2856 869 2920; x_wconf 90' lang='lat' dir='ltr'>haec</span> <span class='ocrx_word' id='word_1_188' title='bbox 891 2863 995 2924; x_wconf 87' lang='lat' dir='ltr'>oratio</span> <span class='ocrx_word' id='word_1_189' title='bbox 1016 2863 1052 2925; x_wconf 93' lang='lat' dir='ltr'>iu</span> <span class='ocrx_word' id='word_1_190' title='bbox 1072 2865 1202 2930; x_wconf 88' lang='lat' dir='ltr'>schedis</span> 
     </span>
     <span class='ocr_line' id='line_1_25' title="bbox 66 2953 1202 3045; baseline 0.006 -23"><span class='ocrx_word' id='word_1_191' title='bbox 66 2966 231 3045; x_wconf 88' lang='lat' dir='ltr'>superest,</span> <span class='ocrx_word' id='word_1_192' title='bbox 254 2967 287 3022; x_wconf 91' lang='lat' dir='ltr'>et</span> <span class='ocrx_word' id='word_1_193' title='bbox 308 2980 402 3044; x_wconf 89' lang='lat' dir='ltr'>spero</span> <span class='ocrx_word' id='word_1_194' title='bbox 424 2957 494 3022; x_wconf 91' lang='lat' dir='ltr'>fore</span> <span class='ocrx_word' id='word_1_195' title='bbox 516 2965 553 3019; x_wconf 92' lang='lat' dir='ltr'>ut</span> <span class='ocrx_word' id='word_1_196' title='bbox 571 2966 699 3042; x_wconf 90' lang='lat' dir='ltr'>tempus</span> <span class='ocrx_word' id='word_1_197' title='bbox 719 2965 753 3019; x_wconf 91' lang='lat' dir='ltr'>et</span> <span class='ocrx_word' id='word_1_198' title='bbox 772 2953 863 3020; x_wconf 90' lang='lat' dir='ltr'>locus</span> <span class='ocrx_word' id='word_1_199' title='bbox 886 2959 966 3021; x_wconf 95' lang='lat' dir='ltr'>mihi</span> <span class='ocrx_word' id='word_1_200' title='bbox 989 2961 1049 3043; x_wconf 90' lang='lat' dir='ltr'>sit,</span> <span class='ocrx_word' id='word_1_201' title='bbox 1072 2972 1109 3025; x_wconf 93' lang='lat' dir='ltr'>ut</span> <span class='ocrx_word' id='word_1_202' title='bbox 1130 2986 1202 3029; x_wconf 90' lang='lat' dir='ltr'>eam</span> 
     </span>
     <span class='ocr_line' id='line_1_26' title="bbox 64 3056 1203 3143; baseline 0.004 -20"><span class='ocrx_word' id='word_1_203' title='bbox 64 3080 140 3123; x_wconf 89' lang='lat' dir='ltr'>cum</span> <span class='ocrx_word' id='word_1_204' title='bbox 163 3057 238 3122; x_wconf 87' lang='lat' dir='ltr'>aliis</span> <span class='ocrx_word' id='word_1_205' title='bbox 262 3059 462 3129; x_wconf 84' lang='lat' dir='ltr'>carminibus</span> <span class='ocrx_word' id='word_1_206' title='bbox 482 3056 523 3123; x_wconf 90' lang='lat' dir='ltr'>ab</span> <span class='ocrx_word' id='word_1_207' title='bbox 547 3079 585 3130; x_wconf 87' lang='lat' dir='ltr'>eo</span> <span class='ocrx_word' id='word_1_208' title='bbox 613 3058 760 3143; x_wconf 91' lang='lat' dir='ltr'>scriptis,</span> <span class='ocrx_word' id='word_1_209' title='bbox 790 3078 927 3142; x_wconf 90' lang='lat' dir='ltr'>quorum</span> <span class='ocrx_word' id='word_1_210' title='bbox 948 3060 1104 3124; x_wconf 88' lang='lat' dir='ltr'>nonnulla</span> <span class='ocrx_word' id='word_1_211' title='bbox 1127 3076 1203 3130; x_wconf 90' lang='lat' dir='ltr'>sunt</span> 
     </span>
     <span class='ocr_line' id='line_1_27' title="bbox 64 3157 1201 3249; baseline 0.007 -28"><span class='ocrx_word' id='word_1_212' title='bbox 64 3158 152 3222; x_wconf 90' lang='lat' dir='ltr'>lectu</span> <span class='ocrx_word' id='word_1_213' title='bbox 185 3158 395 3242; x_wconf 83' lang='lat' dir='ltr'>dignissima,</span> <span class='ocrx_word' id='word_1_214' title='bbox 425 3157 589 3243; x_wconf 84' lang='lat' dir='ltr'>evulgem.</span> <span class='ocrx_word' id='word_1_215' title='bbox 648 3159 835 3241; x_wconf 88' lang='lat' dir='ltr'>Postremo,</span> <span class='ocrx_word' id='word_1_216' title='bbox 870 3180 934 3246; x_wconf 94' lang='lat' dir='ltr'>quo</span> <span class='ocrx_word' id='word_1_217' title='bbox 965 3162 1000 3224; x_wconf 92' lang='lat' dir='ltr'>in</span> <span class='ocrx_word' id='word_1_218' title='bbox 1028 3167 1201 3249; x_wconf 82' lang='lat' dir='ltr'>gymnasio</span> 
     </span>
     <span class='ocr_line' id='line_1_28' title="bbox 65 3259 1202 3349; baseline 0.005 -25"><span class='ocrx_word' id='word_1_219' title='bbox 65 3259 274 3324; x_wconf 85' lang='lat' dir='ltr'>Christianeo</span> <span class='ocrx_word' id='word_1_220' title='bbox 307 3269 392 3344; x_wconf 89' lang='lat' dir='ltr'>erat,</span> <span class='ocrx_word' id='word_1_221' title='bbox 427 3280 512 3323; x_wconf 91' lang='lat' dir='ltr'>anno</span> <span class='ocrx_word' id='word_1_222' title='bbox 549 3261 629 3322; x_wconf 82' lang='lat'>1800</span> <span class='ocrx_word' id='word_1_223' title='bbox 659 3261 800 3345; x_wconf 90' lang='lat' dir='ltr'>primum</span> <span class='ocrx_word' id='word_1_224' title='bbox 832 3261 867 3323; x_wconf 91' lang='lat' dir='ltr'>in</span> <span class='ocrx_word' id='word_1_225' title='bbox 899 3261 1038 3325; x_wconf 89' lang='lat' dir='ltr'>ecclesia</span> <span class='ocrx_word' id='word_1_226' title='bbox 1070 3264 1202 3349; x_wconf 89' lang='lat' dir='ltr'>publice</span> 
     </span>
     <span class='ocr_line' id='line_1_29' title="bbox 63 3358 1201 3447; baseline 0.004 -22"><span class='ocrx_word' id='word_1_227' title='bbox 63 3358 283 3425; x_wconf 90' lang='lat' dir='ltr'>concionandi</span> <span class='ocrx_word' id='word_1_228' title='bbox 321 3360 502 3447; x_wconf 90' lang='lat' dir='ltr'>periculum</span> <span class='ocrx_word' id='word_1_229' title='bbox 536 3359 617 3423; x_wconf 90' lang='lat' dir='ltr'>fecit</span> <span class='ocrx_word' id='word_1_230' title='bbox 653 3360 741 3446; x_wconf 90' lang='lat' dir='ltr'>apud</span> <span class='ocrx_word' id='word_1_231' title='bbox 774 3376 872 3426; x_wconf 86' lang='lat' dir='ltr'>avum</span> <span class='ocrx_word' id='word_1_232' title='bbox 900 3360 1062 3427; x_wconf 90' lang='lat' dir='ltr'>Wiesium</span> <span class='ocrx_word' id='word_1_233' title='bbox 1096 3365 1201 3431; x_wconf 86' lang='lat' dir='ltr'>Stein-</span> 
     </span>
     <span class='ocr_line' id='line_1_30' title="bbox 63 3459 1202 3549; baseline 0.004 -24"><span class='ocrx_word' id='word_1_234' title='bbox 63 3459 220 3543; x_wconf 86' lang='lat' dir='ltr'>beckiae,</span> <span class='ocrx_word' id='word_1_235' title='bbox 244 3481 421 3549; x_wconf 87' lang='lat' dir='ltr'>omnesque</span> <span class='ocrx_word' id='word_1_236' title='bbox 438 3461 573 3546; x_wconf 90' lang='lat' dir='ltr'>juvenis</span> <span class='ocrx_word' id='word_1_237' title='bbox 596 3462 783 3547; x_wconf 89' lang='lat' dir='ltr'>quindecim</span> <span class='ocrx_word' id='word_1_238' title='bbox 807 3483 966 3527; x_wconf 89' lang='lat' dir='ltr'>annorum</span> <span class='ocrx_word' id='word_1_239' title='bbox 992 3467 1202 3531; x_wconf 86' lang='lat' dir='ltr'>severitatem</span> 
     </span>
     <span class='ocr_line' id='line_1_31' title="bbox 64 3560 1202 3645; baseline 0.006 -20"><span class='ocrx_word' id='word_1_240' title='bbox 64 3570 97 3625; x_wconf 90' lang='lat' dir='ltr'>et</span> <span class='ocrx_word' id='word_1_241' title='bbox 125 3560 321 3645; x_wconf 85' lang='lat' dir='ltr'>dignitatem</span> <span class='ocrx_word' id='word_1_242' title='bbox 348 3561 501 3625; x_wconf 86' lang='lat' dir='ltr'>admirati</span> <span class='ocrx_word' id='word_1_243' title='bbox 529 3569 614 3627; x_wconf 90' lang='lat' dir='ltr'>sunt.</span> <span class='ocrx_word' id='word_1_244' title='bbox 662 3560 785 3627; x_wconf 89' lang='lat' dir='ltr'>Verum</span> <span class='ocrx_word' id='word_1_245' title='bbox 813 3585 879 3628; x_wconf 90' lang='lat' dir='ltr'>non</span> <span class='ocrx_word' id='word_1_246' title='bbox 909 3564 1014 3629; x_wconf 92' lang='lat' dir='ltr'>solum</span> <span class='ocrx_word' id='word_1_247' title='bbox 1042 3567 1077 3629; x_wconf 91' lang='lat' dir='ltr'>in</span> <span class='ocrx_word' id='word_1_248' title='bbox 1105 3589 1202 3631; x_wconf 85' lang='lat' dir='ltr'>exco-</span> 
     </span>
     <span class='ocr_line' id='line_1_32' title="bbox 64 3662 1200 3748; baseline 0.004 -23"><span class='ocrx_word' id='word_1_249' title='bbox 64 3662 165 3727; x_wconf 93' lang='lat' dir='ltr'>lendo</span> <span class='ocrx_word' id='word_1_250' title='bbox 193 3662 333 3746; x_wconf 59' lang='lat' dir='ltr'>ingenio⁴</span> <span class='ocrx_word' id='word_1_251' title='bbox 355 3663 455 3726; x_wconf 91' lang='lat' dir='ltr'>miros</span> <span class='ocrx_word' id='word_1_252' title='bbox 484 3684 678 3748; x_wconf 86' lang='lat' dir='ltr'>progressus</span> <span class='ocrx_word' id='word_1_253' title='bbox 707 3663 802 3746; x_wconf 91' lang='lat' dir='ltr'>fecit,</span> <span class='ocrx_word' id='word_1_254' title='bbox 838 3665 897 3727; x_wconf 88' lang='lat' dir='ltr'>sed</span> <span class='ocrx_word' id='word_1_255' title='bbox 928 3666 1026 3727; x_wconf 88' lang='lat' dir='ltr'>etiam</span> <span class='ocrx_word' id='word_1_256' title='bbox 1055 3667 1200 3730; x_wconf 88' lang='lat' dir='ltr'>moribus</span> 
     </span>
     <span class='ocr_line' id='line_1_33' title="bbox 64 3762 1202 3850; baseline 0 -23"><span class='ocrx_word' id='word_1_257' title='bbox 64 3763 247 3827; x_wconf 80' lang='lat' dir='ltr'>formandis</span> <span class='ocrx_word' id='word_1_258' title='bbox 273 3769 306 3825; x_wconf 88' lang='lat' dir='ltr'>ct</span> <span class='ocrx_word' id='word_1_259' title='bbox 328 3763 544 3848; x_wconf 88' lang='lat' dir='ltr'>acquirendae</span> <span class='ocrx_word' id='word_1_260' title='bbox 572 3763 622 3825; x_wconf 93' lang='lat' dir='ltr'>illi</span> <span class='ocrx_word' id='word_1_261' title='bbox 646 3763 892 3826; x_wconf 77' lang='lat' dir='ltr'>consuetudinis</span> <span class='ocrx_word' id='word_1_262' title='bbox 920 3762 1089 3847; x_wconf 85' lang='lat' dir='ltr'>facilitati,</span> <span class='ocrx_word' id='word_1_263' title='bbox 1118 3786 1202 3850; x_wconf 87' lang='lat' dir='ltr'>quae</span> 
     </span>
     <span class='ocr_line' id='line_1_34' title="bbox 61 3862 1201 3950; baseline -0.001 -21"><span class='ocrx_word' id='word_1_264' title='bbox 61 3866 181 3950; x_wconf 91' lang='lat' dir='ltr'>juveni</span> <span class='ocrx_word' id='word_1_265' title='bbox 202 3864 287 3928; x_wconf 89' lang='lat' dir='ltr'>bene</span> <span class='ocrx_word' id='word_1_266' title='bbox 313 3862 441 3928; x_wconf 90' lang='lat' dir='ltr'>erudito</span> <span class='ocrx_word' id='word_1_267' title='bbox 459 3865 547 3927; x_wconf 88' lang='lat' dir='ltr'>viam</span> <span class='ocrx_word' id='word_1_268' title='bbox 568 3863 675 3925; x_wconf 89' lang='lat' dir='ltr'>munit</span> <span class='ocrx_word' id='word_1_269' title='bbox 701 3863 739 3925; x_wconf 92' lang='lat' dir='ltr'>in</span> <span class='ocrx_word' id='word_1_270' title='bbox 766 3862 905 3927; x_wconf 89' lang='lat' dir='ltr'>circulos</span> <span class='ocrx_word' id='word_1_271' title='bbox 924 3862 1122 3929; x_wconf 82' lang='lat' dir='ltr'>familiarum</span> <span class='ocrx_word' id='word_1_272' title='bbox 1146 3866 1201 3928; x_wconf 94' lang='lat' dir='ltr'>ho·</span> 
     </span>
     <span class='ocr_line' id='line_1_35' title="bbox 64 3962 1201 4051; baseline -0.001 -22"><span class='ocrx_word' id='word_1_273' title='bbox 64 3973 251 4047; x_wconf 88' lang='lat' dir='ltr'>nestarum,</span> <span class='ocrx_word' id='word_1_274' title='bbox 273 3972 398 4028; x_wconf 88' lang='lat' dir='ltr'>mature</span> <span class='ocrx_word' id='word_1_275' title='bbox 422 3963 558 4029; x_wconf 86' lang='lat' dir='ltr'>studuit.</span> <span class='ocrx_word' id='word_1_276' title='bbox 600 3963 678 4051; x_wconf 88' lang='lat' dir='ltr'>Ipsa</span> <span class='ocrx_word' id='word_1_277' title='bbox 697 3962 812 4028; x_wconf 90' lang='lat' dir='ltr'>domus</span> <span class='ocrx_word' id='word_1_278' title='bbox 832 3971 968 4050; x_wconf 88' lang='lat' dir='ltr'>paterna</span> <span class='ocrx_word' id='word_1_279' title='bbox 989 3986 1109 4049; x_wconf 84' lang='lat' dir='ltr'>magno</span> <span class='ocrx_word' id='word_1_280' title='bbox 1129 3976 1201 4051; x_wconf 83' lang='lat' dir='ltr'>pro</span> 
     </span>
     <span class='ocr_line' id='line_1_36' title="bbox 64 4064 1201 4153; baseline 0 -24"><span class='ocrx_word' id='word_1_281' title='bbox 64 4067 263 4153; x_wconf 89' lang='lat' dir='ltr'>pinquorum</span> <span class='ocrx_word' id='word_1_282' title='bbox 284 4075 382 4152; x_wconf 88' lang='lat' dir='ltr'>atque</span> <span class='ocrx_word' id='word_1_283' title='bbox 405 4065 584 4129; x_wconf 84' lang='lat' dir='ltr'>amicorum</span> <span class='ocrx_word' id='word_1_284' title='bbox 606 4085 741 4128; x_wconf 92' lang='lat' dir='ltr'>numero</span> <span class='ocrx_word' id='word_1_285' title='bbox 767 4064 996 4130; x_wconf 89' lang='lat' dir='ltr'>celebrabatur</span> <span class='ocrx_word' id='word_1_286' title='bbox 1024 4073 1056 4128; x_wconf 93' lang='lat' dir='ltr'>et</span> <span class='ocrx_word' id='word_1_287' title='bbox 1083 4067 1201 4151; x_wconf 88' lang='lat' dir='ltr'>cuique</span> 
     </span>
     <span class='ocr_line' id='line_1_37' title="bbox 64 4162 1201 4252; baseline -0.007 -21"><span class='ocrx_word' id='word_1_288' title='bbox 64 4167 191 4232; x_wconf 92' lang='lat' dir='ltr'>homini</span> <span class='ocrx_word' id='word_1_289' title='bbox 212 4170 356 4252; x_wconf 82' lang='lat' dir='ltr'>ingenuo</span> <span class='ocrx_word' id='word_1_290' title='bbox 377 4187 511 4231; x_wconf 90' lang='lat' dir='ltr'>suavem</span> <span class='ocrx_word' id='word_1_291' title='bbox 539 4164 796 4250; x_wconf 88' lang='lat' dir='ltr'>hospitalitatem</span> <span class='ocrx_word' id='word_1_292' title='bbox 820 4164 987 4228; x_wconf 87' lang='lat' dir='ltr'>offerebat.</span> <span class='ocrx_word' id='word_1_293' title='bbox 1033 4162 1088 4225; x_wconf 86' lang='lat' dir='ltr'>Sic</span> <span class='ocrx_word' id='word_1_294' title='bbox 1106 4164 1201 4247; x_wconf 90' lang='lat' dir='ltr'>juve-</span> 
     </span>
     <span class='ocr_line' id='line_1_38' title="bbox 64 4263 1202 4355; baseline -0.006 -23"><span class='ocrx_word' id='word_1_295' title='bbox 64 4269 119 4332; x_wconf 87' lang='lat' dir='ltr'>nis</span> <span class='ocrx_word' id='word_1_296' title='bbox 140 4268 258 4355; x_wconf 88' lang='lat' dir='ltr'>majori</span> <span class='ocrx_word' id='word_1_297' title='bbox 278 4269 423 4333; x_wconf 88' lang='lat' dir='ltr'>virorum</span> <span class='ocrx_word' id='word_1_298' title='bbox 447 4275 479 4329; x_wconf 90' lang='lat' dir='ltr'>et</span> <span class='ocrx_word' id='word_1_299' title='bbox 501 4266 674 4329; x_wconf 91' lang='lat' dir='ltr'>mulierum</span> <span class='ocrx_word' id='word_1_300' title='bbox 692 4266 806 4329; x_wconf 90' lang='lat' dir='ltr'>coetui</span> <span class='ocrx_word' id='word_1_301' title='bbox 830 4267 989 4329; x_wconf 89' lang='lat' dir='ltr'>interesse</span> <span class='ocrx_word' id='word_1_302' title='bbox 1018 4263 1135 4326; x_wconf 91' lang='lat' dir='ltr'>didicit</span> <span class='ocrx_word' id='word_1_303' title='bbox 1159 4270 1202 4341; x_wconf 88' lang='lat' dir='ltr'>et,</span> 
     </span>
     <span class='ocr_line' id='line_1_39' title="bbox 64 4362 1202 4454; baseline -0.006 -21"><span class='ocrx_word' id='word_1_304' title='bbox 64 4370 102 4434; x_wconf 92' lang='lat' dir='ltr'>id</span> <span class='ocrx_word' id='word_1_305' title='bbox 123 4368 212 4454; x_wconf 91' lang='lat' dir='ltr'>quod</span> <span class='ocrx_word' id='word_1_306' title='bbox 233 4391 307 4433; x_wconf 87' lang='lat' dir='ltr'>raro</span> <span class='ocrx_word' id='word_1_307' title='bbox 325 4370 378 4452; x_wconf 92' lang='lat' dir='ltr'>fit,</span> <span class='ocrx_word' id='word_1_308' title='bbox 402 4390 477 4432; x_wconf 91' lang='lat' dir='ltr'>acre</span> <span class='ocrx_word' id='word_1_309' title='bbox 504 4388 542 4431; x_wconf 88' lang='lat' dir='ltr'>ac</span> <span class='ocrx_word' id='word_1_310' title='bbox 563 4387 713 4432; x_wconf 90' lang='lat' dir='ltr'>severum</span> <span class='ocrx_word' id='word_1_311' title='bbox 742 4364 909 4430; x_wconf 88' lang='lat' dir='ltr'>literarum</span> <span class='ocrx_word' id='word_1_312' title='bbox 937 4363 1081 4427; x_wconf 91' lang='lat' dir='ltr'>studium</span> <span class='ocrx_word' id='word_1_313' title='bbox 1104 4362 1202 4426; x_wconf 89' lang='lat' dir='ltr'>hilari</span> 
     </span>
     <span class='ocr_line' id='line_1_40' title="bbox 64 4465 1202 4555; baseline -0.007 -22"><span class='ocrx_word' id='word_1_314' title='bbox 64 4492 105 4533; x_wconf 88' lang='lat' dir='ltr'>ac</span> <span class='ocrx_word' id='word_1_315' title='bbox 128 4473 331 4554; x_wconf 86' lang='lat' dir='ltr'>gratovitae</span> <span class='ocrx_word' id='word_1_316' title='bbox 355 4492 418 4534; x_wconf 90' lang='lat' dir='ltr'>usu</span> <span class='ocrx_word' id='word_1_317' title='bbox 437 4476 653 4555; x_wconf 89' lang='lat' dir='ltr'>temperatum</span> <span class='ocrx_word' id='word_1_318' title='bbox 675 4469 710 4530; x_wconf 91' lang='lat' dir='ltr'>in</span> <span class='ocrx_word' id='word_1_319' title='bbox 737 4488 775 4531; x_wconf 91' lang='lat' dir='ltr'>eo</span> <span class='ocrx_word' id='word_1_320' title='bbox 797 4475 830 4530; x_wconf 90' lang='lat' dir='ltr'>et</span> <span class='ocrx_word' id='word_1_321' title='bbox 857 4466 941 4531; x_wconf 90' lang='lat' dir='ltr'>bene</span> <span class='ocrx_word' id='word_1_322' title='bbox 963 4465 1102 4528; x_wconf 86' lang='lat' dir='ltr'>mixtum</span> <span class='ocrx_word' id='word_1_323' title='bbox 1121 4471 1202 4528; x_wconf 87' lang='lat' dir='ltr'>erat.</span> 
     </span>
    </p>
   </div>
   <div class='ocr_carea' id='block_1_5' title="bbox 153 4565 995 4649">
    <p class='ocr_par' dir='ltr' id='par_1_5' title="bbox 153 4565 995 4649">
     <span class='ocr_line' id='line_1_41' title="bbox 153 4565 995 4649; baseline -0.006 -15"><span class='ocrx_word' id='word_1_324' title='bbox 153 4594 296 4649; x_wconf 72' lang='lat' dir='ltr'>sarova,</span> <span class='ocrx_word' id='word_1_325' title='bbox 321 4594 435 4636; x_wconf 81' lang='lat' dir='ltr'>orusc.</span> <span class='ocrx_word' id='word_1_326' title='bbox 460 4594 528 4636; x_wconf 79' lang='lat' dir='ltr'>sun.</span> <span class='ocrx_word' id='word_1_327' title='bbox 552 4585 575 4631; x_wconf 89' lang='grc' dir='ltr'>Ι.</span> <span class='ocrx_word' id='word_1_328' title='bbox 972 4565 995 4629; x_wconf 90' lang='lat' dir='ltr'>b</span> 
     </span>
    </p>
   </div>
   <div class='ocr_carea' id='block_1_6' title="bbox 0 0 1446 5184">
    <p class='ocr_par' dir='ltr' id='par_1_6' title="bbox 0 0 1446 5184">
     <span class='ocr_line' id='line_1_42' title="bbox 0 0 1446 5184; baseline 0 4"><span class='ocrx_word' id='word_1_329' title='bbox 0 0 1446 5184; x_wconf 95' lang='lat' dir='ltr'> </span> 
     </span>
    </p>
   </div>
  </div>
 </body>
</html>
