2884 5184
299 425 413 472 APUD
436 424 717 483 Lucunuuluu
739 425 883 473 OBVIA.

370 598 442 656 Lm.
461 598 503 656 II.
532 617 603 658 osa.
625 597 674 656 11.
702 596 734 674 ξ.
756 595 804 656 18.

101 732 226 805 „Sibylla
249 734 389 790 hommem
408 735 463 790 Dei
478 751 549 806 ορνε
568 749 629 790 esse
650 741 778 805 testatur,
835 713 838 717 ⁵

179 820 213 900 ὃς
234 825 329 905 μόνος
350 825 411 888 ἐστὶ
432 819 504 901 θεὸς
524 829 641 906 κτίστης
660 819 826 910 άκράτητος
846 821 990 908 ὑπάρχων

181 915 277 998 αὐτὸς
300 918 328 985 δ’
355 918 484 1005 ἐστήριξε
502 918 597 995 τόπον
616 930 734 1006 μορφῆς
755 920 892 1007 μερόπων
911 946 941 985 τε

181 1015 277 1097 αὐτὸς
296 1024 374 1102 ἔμιξε
392 1021 487 1101 φάσιν
508 1018 630 1085 πάντων
651 1028 752 1105 γενεῆς
772 1019 918 1106 βιότοιο.“

41 1124 73 1182 sbi
89 1112 174 1194 οὗτος
203 1121 237 1182 δε
265 1124 395 1202 εστηριξε
415 1124 446 1181 Α
467 1132 498 1183 ot
520 1123 555 1183 O.
585 1123 658 1197 ἐλιξε
679 1126 719 1185 Α.
765 1125 877 1186 Cetera
904 1126 1023 1184 leviora
1046 1125 1159 1185 omitto.

41 1222 188 1282 hauriunt
217 1242 331 1281 versus
357 1222 389 1281 in
415 1221 577 1301 Sibyllinis
606 1226 707 1284 statim
737 1225 775 1284 ab
797 1226 884 1284 initio
903 1244 974 1305 pag.
998 1223 1048 1283 36.
1078 1223 1159 1283 Gall.

41 1322 85 1379 Fr.
106 1323 138 1380 Π
159 1321 208 1381 od.
233 1321 356 1399 Paris.)
374 1321 430 1382 sad
452 1324 511 1381 hoo
531 1323 620 1382 modo
922 1405 924 1408 y

179 1411 213 1492 ὃς
237 1413 331 1497 μόνος
354 1417 413 1480 ἐστὶ
430 1411 501 1492 θεὸς
523 1420 638 1499 κτίστης
659 1410 825 1499 άκράτητος
846 1414 989 1501 ὑπάρχων
1096 1441 1101 1451 ·

181 1507 274 1589 οὗτὸς
294 1514 429 1598 στήριξεν
450 1511 590 1598 μερόπων
613 1503 735 1597 μορφήν
757 1540 787 1578 τε
807 1514 901 1580 τόπον
923 1541 953 1579 τε

184 1607 284 1694 αὐγάς
305 1616 367 1688 μίξε
389 1610 481 1692 φύσιν
503 1610 626 1676 πάντων
646 1620 749 1696 γενεῆς
770 1611 890 1695 βιότοιο.

41 1713 108 1770 ilter
128 1735 237 1774 vorsus
259 1717 372 1774 iterum
398 1718 529 1775 occurrit
547 1716 601 1775 lib.
623 1714 653 1775 3.
676 1737 707 1774 v.
732 1713 787 1788 27,
816 1717 868 1775 ubi
892 1715 965 1774 odit.
988 1714 1038 1772 ΙΠ
1061 1723 1092 1773 at
1115 1713 1160 1773 IV

41 1830 92 1868 aum
112 1812 219 1872 eodem
244 1813 337 1872 modo
362 1815 513 1886 scribunt,
535 1823 569 1873 ut
590 1824 683 1875 antea
703 1815 882 1892 legabatur3
911 1834 1018 1873 vorum
1038 1813 1055 1870 I
1077 1821 1107 1871 et
1128 1813 1161 1871 H
1272 1861 1275 1868 .

41 1917 59 1965 at
83 1911 165 1969 ambo
187 1909 351 1992 Opsopaoi
374 1912 496 1972 codices
517 1915 643 1993 propius
667 1913 706 1973 ad
729 1915 885 1974 Lactantii
906 1914 1087 1994 scripturam
1108 1932 1158 1970 ao-

41 2005 150 2081 eadunt,

183 2097 292 2182 αὐτὸς,
314 2097 346 2179 ὃς
367 2098 496 2186 ἐστήριξε
517 2098 638 2187 μορφὴν
659 2099 755 2167 τόπον
776 2099 914 2186 μερόπων
935 2128 974 2183 τε,

41 2200 85 2258 nisi
102 2205 180 2282 quod
198 2207 325 2266 oodioes
345 2208 449 2286 scripti
470 2200 564 2265 τόπον
578 2200 698 2286 μορφήν
715 2207 875 2286 praebent.
909 2205 1052 2263 Intentio
1068 2224 1160 2262 versu

41 2296 168 2361 [iollasus
195 2295 294 2382 αὐγάς
321 2304 519 2381 ax'Betuleji
548 2304 737 2363 correctione
761 2324 829 2363 esso
853 2302 996 2375 credidit,
1026 2300 1080 2361 sod
1102 2302 1158 2359 fal-

41 2394 105 2455 tur.
144 2400 225 2458 Nam
248 2422 313 2460 non
345 2400 443 2460 solum
472 2402 609 2478 Betuleji
640 2403 762 2461 nomino
790 2400 1001 2480 typographus
1031 2407 1161 2459 testatur

41 2513 97 2571 pag.
117 2497 188 2572 103,
219 2501 308 2559 nulla
335 2501 368 2558 in
395 2520 472 2559 vocs
499 2501 697 2581 manuscripti
721 2501 888 2561 lectionem
912 2509 1058 2559 mutatam
1081 2519 1159 2571 esse,

41 2610 130 2652 verum
153 2597 219 2676 ipso
249 2599 344 2657 etiam
371 2599 403 2655 in
432 2600 679 2658 annotationibus
705 2600 861 2660 Laetantii
885 2600 1044 2671 lectionis,
1079 2607 1113 2657 ut
1142 2618 1160 2656 a

42 2691 137 2752 oodiois
159 2695 295 2757 lectione
322 2696 496 2756 recedentis
520 2699 552 2756 in
579 2698 638 2758 hae
660 2719 753 2771 voce,
782 2701 928 2758 meminit.
952 2733 993 2741 -
1019 2697 1161 2756 Tandem

43 2785 147 2850 Gallaai
172 2815 265 2854 msor.
289 2785 395 2872 γενεὴν
422 2796 539 2855 habuit.
582 2796 606 2854 J
608 2816 656 2855 am
683 2799 828 2875 scriptum
850 2806 987 2856 nostrum
1006 2797 1161 2856 Lactantii

42 2891 180 2968 exemplar
202 2913 328 2973 prorsus
357 2913 424 2951 oum
450 2894 531 2953 odito
561 2895 731 2973 conspirat,
763 2894 1162 2972 oouosoootiookotuoakpa

42 2989 1157 3073 tatooyitapxoonaytocaeetspigetyssonuopobseuspollomtaaytooa'uiss

44 3083 525 3162 eobyoinssantconauouobiotoio,
549 3090 700 3169 quoiast
819 3093 822 3098 ’

188 3210 221 3260 ος
242 3210 315 3267 μονς
338 3204 396 3249 εστι
418 3193 458 3260 θς
480 3203 568 3266 κστης
590 3209 753 3269 ακροιτητος
773 3208 928 3270 νιπτιρχων

189 3308 280 3358 ουτος
298 3287 316 3344 ὃ
337 3301 403 3363 εστη
426 3289 467 3360 τξε
489 3306 582 3345 τοπον
602 3307 719 3367 μορφης
741 3306 877 3367 μεροπων
898 3306 928 3344 τε

189 3406 279 3456 ουτος
300 3385 376 3461 εμιξε
396 3399 490 3460 φυσιν
505 3405 626 3444 πάντων
648 3404 729 3462 ενεης
745 3382 878 3461 Δβιοτοιο,

45 3468 87 3529 ubi
98 3473 180 3537 lavia
188 3484 279 3554 vitia,
303 3501 384 3562 quaa
397 3492 575 3556 occurrunt,
598 3483 690 3541 facile
707 3483 865 3542 emendari
878 3491 1014 3560 possunt.
1045 3482 1161 3541 Verum
1178 3505 1204 3544 so

48 3570 107 3644 quid
130 3577 185 3636 sibi
205 3580 283 3640 velit
305 3581 338 3639 in
359 3573 495 3660 μερόπων
514 3602 544 3639 τε
563 3582 687 3660 oopula,
717 3600 779 3638 non
800 3579 903 3638 video.
948 3580 1009 3638 Vel
1031 3579 1176 3656 Sibylli-'

46 3683 136 3731 1¹0r111n
163 3679 329 3738 carminum
352 3680 444 3739 laotio
472 3678 678 3761 praeferenda
707 3686 771 3749 est,
801 3677 853 3736 vel
877 3676 987 3734 saltam
1008 3667 1163 3753 μερόπεσσι

49 3768 230 3839 scribendum.

374 3894 445 3953 Lm.
469 3893 511 3952 Π.
536 3910 607 3951 ons.
632 3887 681 3948 12.
705 3888 737 3966 ξ.
757 3885 812 3947 19.

119 4023 210 4091 „Sicut
229 4047 332 4088 sacrae
352 4035 448 4088 literae
468 4032 578 4099 docent,
600 4037 627 4085 et
647 4029 751 4101 Sibylla
774 4024 952 4098 Erythraea,
974 4039 1036 4079 cum
1058 4024 1124 4078 dicit
1129 4049 1136 4076 .-

195 4127 227 4186 οἱ
243 4125 276 4188 δὲ
293 4118 368 4188 θεὸν
388 4130 527 4205 τιμῶντες
549 4115 698 4203 ἀληθινόν
715 4112 845 4183 άένναόν
867 4139 900 4198 γε

195 4217 264 4304 §otio
285 4227 501 4305 κληρονομοῦσι
521 4213 574 4282 τόν
597 4221 704 4293 αἰῶνος
726 4215 835 4299 χρόνον
852 4209 937 4278 αὐτοὶ

196 4310 343 4393 οἰκοῦντες
354 4313 544 4401 παράδεισον
565 4312 644 4396 ὁμῶς
662 4315 802 4399 ἐριθηλέα
823 4316 952 4394 κηπον.“

52 4399 94 4461 ubi
119 4398 220 4478 άέναόν
242 4441 275 4500 γε
296 4423 326 4481 Α
355 4431 387 4482 et
410 4422 450 4479 D.
482 4410 560 4497 ζωὴν
587 4419 614 4476 Β
637 4418 662 4477 O
687 4419 728 4475 D.
757 4408 865 4493 ὁμοίως
889 4415 932 4488 Β,
964 4412 998 4471 O.
1049 4413 1087 4470 In
1117 4410 1163 4470 Si-
