2884 5184
459 425 569 474 srun
591 425 882 476 usorsnrwu.
1179 422 1234 482 151

24 612 46 666 p
97 618 175 679 qnae
200 597 255 656 hio
273 596 460 675 producitur.
497 599 667 662 Praeterea
689 599 874 673 συναλωθεὶς
894 622 999 662 omnes
1019 623 1038 660 a
1059 606 1235 674 ovvoiloro·

22 716 52 775 ui:

95 721 146 776 μαι
173 698 339 758 derivasse
366 699 524 777 videntur,
557 710 680 762 veteres
709 704 790 763 enim
819 702 970 763 editiones
996 713 1120 765 vertunt
1147 714 1234 766 armr‘r
1321 734 1326 742 ·

23 811 55 873 gs,
95 804 327 876 comprehensio,
362 799 532 875 Oellarius,
564 812 664 881 coptus
690 810 778 864 armis
788 803 831 882 *).
874 805 989 880 Verum
1018 794 1147 878 ἆλωθεὶς
1178 827 1233 885 pro

23 940 49 994 t,
95 891 183 973 isole
212 923 278 962 non
304 904 401 980 magis
423 902 575 965 Graecum
603 915 665 978 est,
696 926 788 988 quam
815 896 979 983 ἡλωμὲνος,
1007 905 1090 985 quod
1113 908 1184 966 olim
1203 910 1234 966 in

93 1004 242 1084 Xenoph.
263 1004 391 1063 Memor.
408 1001 442 1077 2,
465 1006 500 1077 6,
524 1003 574 1064 22.
597 1007 768 1085 legebatur.
807 1004 870 1065 Sed
892 1005 983 1084 longe
1006 1007 1096 1070 aliter
1112 1009 1234 1074 Graeca

35 1147 55 1180 ,1
93 1105 189 1164 verba
212 1105 313 1165 oodex
331 1104 593 1182 Regiomontanns
616 1106 742 1167 exhibet
759 1107 841 1166 huno
862 1107 894 1165 in
915 1107 1052 1167 modum:

264 1208 404 1269 Mortalis
425 1221 492 1271 erat
861 1211 1131 1271 ountooteunkata

265 1331 393 1389 oorpore
414 1313 482 1390 sapi

267 1433 321 1473 ens
344 1412 440 1490 signis

265 1535 391 1592 operum

207 1647 234 1688 0
264 1625 358 1696 atque
375 1636 462 1675 mons

261 1719 317 1777 tris
340 1717 396 1777 sub

258 1818 415 1896 judicibus

263 1918 379 1978 caldeis

265 2036 390 2097 compre

262 2119 378 2178 honsus

262 2219 391 2277 transfix

261 2340 298 2379 us
322 2340 391 2378 ama

261 2441 328 2480 rum
348 2420 439 2480 finem

264 2520 428 2599 complevit

864 1308 1001 1385 oapkaoo

859 1418 1009 1487 tepatuae

858 1511 1023 1588 oineptoyo

862 1612 987 1675 aaAlllo

858 1713 953 1770 aaaai

861 1812 1024 1871 oieiaikaie

860 1911 1013 1971 lloaiaoirr

860 2023 1036 2073 aauoaoton

862 2116 1050 2178 obroeeiooko

860 2217 988 2274 aolliooi

859 2316 1011 2392 Ilikprura
1074 2372 1079 2378 .

858 2414 1011 2474 ueHaHoe

858 2526 1027 2594 teaeyonu.

264 2726 394 2799 θνητσστ
416 2741 467 2797 eqo
488 2742 563 2780 κατα
584 2739 681 2798 oopus
703 2738 738 2781 σο
756 2722 948 2801 τερατωδεσιν
969 2741 1064 2800 εργοις

262 2824 317 2881 αλλ
335 2841 386 2881 mo
407 2821 565 2882 Xuidcooot
586 2822 684 2893 δικαις
700 2824 839 2882 molismo
860 2825 976 2892 αλωσας

262 2927 434 3001 γομφωθεις
455 2925 627 2983 σκολοιιισσι
645 2941 757 3000 aarum»
776 2926 920 3001 σινεπλησε
940 2925 1088 2994 τελευσην,

41 3059 47 3088 ι,
100 3022 146 3080 ubi
166 3026 199 3083 in
222 3045 300 3085 voce
322 3012 414 3098 σοφὸς
434 3023 541 3083 ultima
565 3024 688 3102 syllaba
710 3045 834 3102 prorsus
857 3021 982 3082 excidit.
1026 3020 1138 3077 Totum
1161 3037 1227 3074 ora·

34 3177 47 3216 5,
101 3123 196 3184 culum
218 3126 263 3184 sio
283 3126 354 3203 lego
378 3134 408 3184 et
431 3123 575 3184 emendo:

261 3215 373 3302 θνητὸς
394 3223 446 3301 ἔην
466 3217 542 3282 κατὰ
563 3215 661 3304 σάρκα
676 3212 767 3298 σοφὸς
781 3216 972 3302 τερατώδεσιν
987 3221 1097 3303 ἔργοις·

261 3314 329 3385 ἀλλ’
349 3315 407 3385 ὑπὸ
428 3324 604 3386 Χαλδαίσισι
624 3324 721 3398 δίκαις
741 3329 906 3386 σκολιαῖσιν
924 3316 1056 3401 ἆλώσας,

261 3423 433 3505 γομφωθεὶς
454 3419 630 3488 σκολόπεσσι
650 3419 763 3510 πικρὴν
784 3418 929 3504 ἀνέπλησε
949 3420 1100 3505 τελευτήν,

31 3507 50 3612 ⁸,
101 3528 148 3586 ubi
168 3531 246 3590 nihil
266 3543 449 3609 quemquam
471 3528 651 3600 morabitur,
679 3530 740 3597 nisi
760 3519 877 3599 ἃλώσας
897 3548 952 3604 pro
976 3518 1066 3597 ἁλούς
1084 3530 1226 3604 positum.

103 3625 159 3687 Sed
188 3631 247 3690 etsi
270 3631 361 3706 hujus
383 3630 489 3688 aoristi
510 3629 599 3705 primi
619 3629 737 3688 nullum
757 3628 842 3688 aliud
864 3627 1038 3705 exemplum
1057 3629 1144 3698 novi,
1173 3648 1225 3684 no-

101 3726 244 3789 tissimum
266 3739 368 3790 tamen
391 3739 452 3802 est,
480 3728 563 3806 apud
582 3730 713 3788 seriores
736 3730 917 3806 scriptores,
946 3727 1000 3806 qui
1022 3727 1139 3805 antiqui
1162 3745 1224 3784 ser·

45 3882 48 3915 ἶ
102 3830 191 3889 monis
219 3832 383 3907 puritatem
411 3831 533 3889 minime
559 3831 669 3889 imitati
693 3836 778 3900 sunt,
813 3828 925 3887 multos
956 3827 1069 3904 primos
1096 3826 1226 3883 aoristos

36 3967 48 4022 ἦ
103 3924 280 4004 invaluisse,
303 3951 430 4011 quorum
450 3932 519 3991 looo
540 3937 661 3990 veteres
685 3948 805 4007 semper
829 3928 972 3987 secundis
993 3928 1043 3986 usi
1071 3923 1210 4002 sunt**),

111 4086 304 4100 Q...—

166 4198 191 4266 *)
211 4201 343 4253 Collatiae
366 4201 509 4253 ridiculum
530 4205 672 4266 praeterea
694 4214 812 4250 errorem
830 4195 979 4258 commisit,
1011 4194 1149 4245 oraculum
1164 4194 1225 4254 hoo,

104 4284 168 4344 quod
185 4285 292 4336 Milesio
310 4287 430 4352 Apollini
450 4287 483 4337 do
502 4286 609 4337 Christo
633 4287 680 4350 pia
703 4286 780 4336 frans
804 4285 915 4347 tribuit,
942 4285 982 4333 ita
999 4285 1120 4342 vertens,
1148 4279 1227 4342 qnasi

104 4362 191 4430 Apollo
209 4370 243 4421 de
262 4387 292 4421 se
310 4374 370 4438 ipso
387 4372 455 4423 haeo
473 4372 590 4422 diceret:
627 4370 750 4421 Mortalia
767 4388 836 4422 mam
853 4380 879 4421 et
896 4370 1010 4421 totnani.

165 4455 208 4524 **)
225 4459 320 4509 Possis
341 4473 448 4525 quoquo
472 4459 584 4525 propius
603 4458 638 4510 od
653 4457 795 4510 literarum
814 4457 911 4510 duetus
936 4457 1067 4511 seribere:
1091 4452 1229 4507 dimoue-
