2884 5184
492 499 785 550 HELIODOBUS.
1147 490 1209 551 247

71 681 100 738 in
119 687 255 737 mentem
269 675 370 745 venit,
393 693 493 753 neque
509 676 652 733 assentiri
668 696 793 754 possum
811 675 933 755 Corayo
951 678 989 735 T.
1007 675 1036 734 2.
1051 697 1122 757 pag.
1142 677 1210 737 103.

72 782 227 857 vulgatam
250 774 438 835 defendenti.
461 809 502 817 —
523 775 602 833 Ibid.
625 797 655 855 p.
678 775 728 834 99.
751 773 812 835 έπελ
829 772 875 852 δὲ,
899 778 952 836 τοῦ
969 770 1077 856 χρόνου
1091 772 1210 858 προιόν-

72 902 133 955 τος,
156 871 178 957 ἡ
196 883 248 956 τῆς
267 868 357 955 κόρης
375 865 457 953 ολκμὴ
476 873 527 935 καλ
548 875 677 953 μείζονος
696 870 774 956 ι’έρας
794 869 968 952 έφαντύζετο
989 880 1041 937 τοῦ
1062 873 1211 958 εἰωθότος,

71 975 100 1040 τὸ
122 973 233 1051 κύλλος
254 969 284 1038 δ’
310 967 379 1037 οὐδ’
403 967 442 1035 ἂν
458 966 517 1037 ὑπὸ
539 980 596 1056 γῆν
618 971 820 1057 κρυπτόμενον
843 977 966 1054 ἔλαθεν,
995 968 1071 1039 ολλλολ
1090 1001 1141 1056 μοι
1162 981 1209 1041 δο-

72 1086 130 1157 κεῖ,
161 1070 222 1139 udo
249 1075 367 1137 ἐκεῖθεν
390 1071 644 1156 διεκλύμψαι,
676 1102 704 1139 κ.
734 1102 756 1140 τ.
783 1084 808 1139 λ.
860 1081 998 1141 Deberet
1028 1101 1095 1141 esse
1123 1079 1211 1155 διεξέ-

70 1187 177 1257 λαμψε.
223 1179 387 1258 Optativus
412 1190 492 1239 stare
515 1180 632 1260 nequit.
682 1181 746 1241 Sed
773 1182 911 1240 oratione
932 1182 1057 1260 paulum
1084 1184 1211 1242 confusa

71 1272 253 1357 διεκλύμψαι
274 1280 397 1341 videtur
421 1301 489 1340 esse
511 1281 694 1354 infinitivus,
718 1281 759 1340 ad
777 1281 862 1340 δοκεῖ
875 1281 1007 1356 relatus,
1036 1293 1069 1343 ut
1096 1305 1211 1344 comma

70 1393 139 1463 post
160 1382 246 1441 δοκεῖ
261 1382 425 1442 delendum
446 1382 494 1441 eit.
516 1415 558 1424 -
581 1402 607 1439 ο.
630 1378 680 1440 33.
704 1403 735 1460 p.
757 1380 826 1441 ¹102.
848 1385 951 1442 πεῖσον
968 1373 990 1461 ἢ
1010 1376 1107 1461 λόγοις
1125 1376 1148 1463 ἢ
1165 1383 1211 1462 έρ-

72 1506 133 1563 γοις
150 1484 294 1563 γνωρίσαι
313 1472 367 1559 τὴν
390 1479 494 1556 ἑαυτῆς
512 1474 621 1557 φύσιν,
645 1479 696 1540 καὶ
715 1475 760 1542 ὅτι
774 1474 851 1562 γυνὴ
865 1482 986 1562 γέγονεν
1002 1483 1118 1545 εἰδέναι.
1140 1486 1210 1564 βου-

71 1584 185 1669 λομένῳ
207 1584 241 1645 δέ
259 1600 306 1644 σοι
326 1572 358 1643 τὸ
370 1584 493 1661 πρᾶγμα
513 1576 633 1665 ῥᾴδιον·
659 1577 725 1643 ούτε
739 1575 798 1664 γὰρ
815 1574 1012 1664 ύπρόςμικτος
1029 1583 1125 1662 ἐκείνη
1138 1576 1212 1669 πρὸς

72 1678 137 1759 τούς
152 1681 260 1767 λόγους
274 1688 334 1746 τῶν
352 1674 487 1761 ἄνδρων,
510 1673 586 1743 ἄλλα
597 1678 630 1742 τὸ
643 1687 780 1746 πλεῖστον
794 1680 908 1757 τούτοις
925 1681 1082 1762 συνόμιλος
1098 1685 1210 1766 έπαρ-

72 1782 250 1866 θενεύθη.
296 1788 395 1847 Nimis
415 1787 474 1845 hoo
499 1786 659 1858 absonum,
689 1808 781 1867 quem
808 1810 863 1867 pro
884 1788 1046 1848 Heliodori
1070 1790 1210 1866 ingeni03

73 1893 140 1969 lego
161 1880 379 1964 ἐπαιδεύθη.
401 1921 444 1929 -

155 1991 226 2050 Lib.
248 1990 306 2048 HI.
329 2012 356 2050 ο.
381 1989 407 2047 1.
434 1991 475 2048 in.
497 1980 659 2069 ύπολαβοόν
680 1982 696 2052 ὁ
717 1983 858 2068 Κνήμων.
907 1992 1006 2051 Deest
1027 1988 1101 2068 ἔφη,
1130 1994 1212 2073 quod

73 2093 247 2154 necessario
267 2091 441 2152 addendum
463 2100 519 2152 est.
536 2126 579 2133 -
600 2093 679 2151 Ibid.
697 2089 744 2149 ἐπὶ
759 2082 796 2149 vd
814 2083 989 2170 καιριώτερύ
1010 2107 1047 2149 σε
1068 2094 1119 2167 τῆς
1133 2082 1211 2168 ἆφη-

33 2275 35 2279 Α
72 2183 182 2272 γῆοεως
204 2189 255 2251 καὶ
278 2177 321 2251 τόν
342 2184 485 2271 ἐπεζήτεις
506 2188 535 2263 ἐξ
557 2181 648 2268 ἀρχῆς
670 2184 869 2249 συνελαύνων.
913 2191 998 2266 Lego
1022 2187 1077 2246 σοὶ
1102 2212 1157 2267 pro
1181 2188 1214 2251 σέ

74 2305 158 2353 tecum
172 2298 325 2369 festinato,-
340 2314 410 2352 nem
424 2302 458 2352 ut
475 2312 556 2351 nune
571 2292 658 2351 loeus
678 2292 833 2361 scribitur,
858 2289 1016 2366 compositi
1029 2289 1116 2347 verbi
1131 2312 1211 2369 quae

74 2397 111 2454 sit
131 2396 195 2468 vis,
218 2396 334 2454 neseio.
347 2427 389 2437 -
410 2394 489 2453 Ibid.
511 2384 706 2469 ἐπηκολούθει
725 2383 837 2458 τούτοις
855 2378 953 2446 δι’λλων
973 2386 1085 2465 ἱερείων
1106 2382 1212 2463 διύφο-

74 2518 126 2575 ρον
144 2499 280 2574 πλῆθος,
308 2488 433 2556 ἑκάστου
456 2488 539 2566 ζώων
560 2490 665 2572 γένους
692 2492 754 2571 ἰδία
781 2485 832 2546 καὶ
860 2485 900 2557 εἰς
921 2479 1034 2564 κόσμον
1056 2479 1213 2566 ἀγομένου,

37 2659 39 2666 ,
74 2594 167 2658 αύλοῦ
193 2593 244 2656 κοιλ
264 2590 403 2677 σύριγγος
420 2585 583 2655 τελέστικόν
604 2615 632 2653 τι
655 2592 740 2668 μέλος
761 2585 811 2647 καὶ
833 2578 1061 2666 καταγγελτικδν
1082 2592 1133 2667 τῆς
1152 2595 1212 2652 θυ·

74 2699 138 2771 σίας
156 2691 411 2779 ὑπαρχόντων.
445 2697 507 2755 Pro
522 2696 628 2755 ultima
642 2713 719 2752 voee
739 2691 883 2750 libentius
898 2690 1000 2768 legem
1021 2680 1167 2768 δπνγχού
1174 2715 1213 2750 ν-

73 2824 152 2860 των,
172 2836 215 2844 -
235 2823 262 2860 0,
286 2800 315 2859 3.
338 2820 368 2878 p.
394 2796 464 2855 110.
489 2816 544 2874 pro
566 2785 611 2863 ὦς
634 2789 672 2851 δὲ
689 2782 742 2851 τὸν
763 2790 961 2849 votivmelim
982 2781 1081 2866 ὁμῶς
1103 2787 1141 2849 δὲ
1162 2782 1214 2850 τδν
1267 2828 1270 2835 ·

74 2905 157 2962 γοῦν,
180 2938 222 2944 -
244 2923 270 2961 e.
289 2901 319 2960 4.
341 2921 371 2977 p.
396 2895 465 2954 113.
489 2884 544 2968 τὴν
567 2888 599 2951 δὲ
616 2882 675 2950 ιἰπδ
697 2892 832 2970 κορυφῆς
849 2889 900 2949 καὶ
921 2894 985 2950 τοῦ
1005 2884 1140 2966 μετοόπου
1159 2888 1212 2950 δολ-

73 3027 151 3081 φνιγς
176 2994 287 3063 διπαλολ
307 3000 415 3067 κλῶνες
435 2992 565 3069 ἔστεφον.
610 2992 662 3053 Sie
683 2993 840 3071 Oorayus3
871 2999 962 3050 antea
990 3001 1056 3050 erat
1082 2989 1133 3049 καὶ
1155 2981 1213 3049 ἆπδ

72 3099 217 3182 μετώπου.
262 3104 371 3163 Utrum
391 3095 578 3176 praepositio
602 3103 772 3173 repetetur,
794 3113 908 3164 necne,
932 3111 1095 3171 perparum
1118 3093 1210 3151 inter·

74 3218 136 3283 τοῖς
165 3226 273 3266 verum
292 3198 452 3260 articulum
473 3197 621 3255 intrusum
642 3195 746 3254 nolim.
770 3230 811 3237 —
843 3215 869 3253 o.
892 3196 921 3253 7.
944 3216 974 3274 p.
1001 3192 1070 3252 119.
1092 3182 1108 3253 ὃ
1131 3211 1214 3271 περι-

75 3305 231 3386 κεχυμένος
252 3295 324 3378 ἡμῐν
341 3286 427 3369 οὗτος
446 3285 506 3376 ύέγρ
528 3287 570 3356 δι’
594 3288 763 3373 ὀφθαλμῶν
789 3316 818 3355 τε
839 3292 890 3355 καὶ
911 3294 1003 3376 ῥινῶν
1023 3292 1074 3353 καὶ
1095 3286 1215 3370 ύσθμα-

76 3432 123 3480 τος
146 3403 196 3465 καὶ
217 3407 277 3464 τῶν
296 3395 394 3459 ύλλων
415 3391 517 3479 πόρων
532 3396 572 3470 εἰς
587 3392 623 3457 τδι
643 3390 728 3477 βύθη
745 3390 949 3475 διικνούμενος
965 3395 1016 3458 καὶ
1036 3399 1106 3457 τῶν
1130 3395 1215 3473 tto-

75 3514 144 3568 θεν
162 3495 375 3579 ποιοτήτων
396 3494 758 3578 συνειςφερόμενος,
787 3493 847 3571 οἷος
868 3492 907 3560 δέν
928 3496 1074 3579 ελςρεύσῃ,
1103 3502 1217 3558 τοιοῦτο

75 3606 126 3669 καὶ
147 3611 208 3677 τοῖς
237 3598 404 3678 δεξαμένοις
428 3594 528 3672 πόθος
552 3597 780 3680 ἐγκατέσπειρεν.
824 3601 918 3658 Miror
946 3599 1098 3658 neminem
1121 3600 1213 3658 offen-

74 3732 141 3770 sum
156 3727 243 3781 (νοτες
266 3704 477 3784 interpretatio
496 3701 608 3760 Latina
624 3701 655 3758 in
675 3700 809 3760 editione
830 3698 1026 3757 Oommelini:
1050 3719 1107 3756 τινα
1124 3717 1216 3756 secum

74 3816 229 3870 celeriores
248 3810 410 3882 qualitates,
437 3806 534 3879 quitus
554 3804 670 3859 imbutus
690 3810 746 3872 est,
775 3802 909 3873 inferens.
961 3798 1025 3857 Sed
1051 3807 1085 3857 ut
1106 3819 1214 3858 conoe·

76 3913 198 3983 demus,
222 3898 479 3988 ουνειςφερόμενος
497 3904 591 3965 medii
605 3901 859 3981 significationem
874 3899 1005 3972 habere,
1031 3899 1113 3979 quod
1130 3900 1214 3958 nullo

77 4013 219 4091 exemplo
238 4031 319 4069 nune
333 4010 451 4068 munire
466 4026 641 4087 possumne,
664 4005 743 4063 foret
759 4002 867 4061 saltem
885 3990 937 4070 τὰς
952 3992 1115 4076 ποιότητας.
1153 3998 1216 4059 Sed

77 4116 147 4193 lege
175 4107 535 4190 συνειςφερομένων.
581 4108 690 4184 Statim
712 4112 821 4185 postea
842 4123 897 4182 pro
926 4090 1038 4161 ὁπόταν
1063 4100 1141 4160 ἴδοι
1168 4122 1215 4160 re·

15 4217 16 4232 ¹
78 4237 158 4295 pone
177 4204 290 4276 ὁπόταν
310 4210 384 4294 ἴδῃ.
427 4212 476 4270 Ite
499 4212 579 4270 enim
600 4209 691 4285 hujus
714 4204 870 4284 scriptoris
893 4223 965 4262 usus
986 4202 1135 4282 postulat,
1163 4202 1216 4279 qui

79 4325 295 4395 praeterquam
316 4316 348 4372 in
368 4314 426 4372 hoe
448 4312 516 4370 loeo
538 4328 693 4388 nunquam
709 4298 782 4365 ὅταν
800 4325 854 4362 sen
870 4294 981 4363 ὁπόταν
997 4324 1065 4362 eum
1078 4302 1214 4380 optativo

15 4439 16 4496 j
80 4416 247 4495 conjungit.
272 4415 310 4473 ef.
329 4437 360 4495 p.
380 4412 430 4472 27.
449 4410 500 4470 38.
522 4409 572 4469 43.
596 4409 647 4468 94.
672 4405 740 4465 145.
766 4403 835 4465 165.
861 4403 930 4462 175.
948 4400 1020 4462 285.
1042 4401 1125 4482 (bis.)
1145 4401 1217 4462 302.

15 4561 16 4590 2
81 4517 151 4578 342.
171 4514 244 4577 368.
260 4515 331 4576 393.
376 4514 473 4594 Atqui
492 4532 559 4571 oum
579 4510 660 4570 idem
680 4499 733 4567 έύν
754 4528 874 4587 semper
890 4507 1084 4585 conjunctivo
1096 4506 1218 4586 junget,
