2884 5184
300 422 303 427 ’
363 447 642 496 rronnourus
664 450 865 498 anonrus.

465 619 534 679 Lib.
554 621 612 680 ΠΙ.
642 643 672 680 v.
694 620 767 681 559.

169 707 195 780 οδ
218 713 312 780 πόποι
332 704 354 797 ἦ
375 717 413 798 ῥα
433 717 570 799 γυναιξίν
592 713 792 799 ὁμόστολοι
810 714 918 783 ἐνθάδ’
943 723 1066 804 ἔβημεν,

168 823 210 882 οἳ
235 813 354 898 Κύπριν
374 816 532 881 καλέουσιν
551 817 713 902 ἐπίρροθον
735 817 833 901 ύμμι
853 820 1013 900 πέλεσθαι,

169 912 231 982 ούκ
250 912 292 981 ἔτ’
310 909 481 981 Ἐνυαλίοιο
499 920 576 1002 μέγα
598 920 714 995 σθένος.

41 1023 133 1103 Apud
147 1022 356 1103 Apollonium
374 1013 534 1099 ὁμόστολος
552 1032 697 1098 vocatur,
720 1026 773 1105 qui
788 1026 889 1086 socius
906 1035 953 1086 est
968 1029 1184 1109 expeditionis,

43 1127 79 1183 ef.
96 1122 130 1197 2,
151 1121 229 1183 802.
268 1125 389 1183 Primus
409 1143 516 1184 versus
540 1126 645 1206 itaque
662 1127 716 1184 vix
732 1126 816 1186 aliud
831 1128 996 1208 quicquam
1011 1131 1184 1208 significare

42 1227 168 1304 poterit,
193 1245 302 1306 quarn:
324 1228 482 1287 mulieribus
503 1231 572 1286 socii
590 1232 620 1286 ιἰι
640 1231 814 1302 οαμιδίίὶοκο
833 1231 888 1288 λιιι
903 1235 1033 1290 venimus.
1070 1231 1185 1292 Verum

43 1336 102 1384 tum
119 1347 184 1385 non
206 1326 316 1400 video,
349 1348 409 1407 quo
427 1348 536 1388 versus
556 1329 636 1388 alter
656 1329 823 1404 referatur,
853 1326 893 1388 ad
910 1332 1054 1395 mulieres
1074 1332 1185 1391 referri

42 1437 124 1487 vetat
147 1448 252 1505 genus
273 1430 479 1508 pronominis,
510 1429 550 1488 ad
571 1451 627 1489 nos
656 1421 834 1505 όμοστόλους
855 1433 946 1490 tertia
969 1452 1103 1510 persona
1129 1452 1183 1491 κα-

43 1526 167 1588 λέουσιν.
214 1530 481 1608 Simplicissimum
501 1531 607 1590 forsan
628 1531 729 1591 videri
750 1532 862 1611 possit,
890 1532 921 1591 οἳ
937 1534 969 1590 in
996 1533 1030 1591 αἳ
1049 1542 1183 1609 mutare;

44 1630 96 1689 sed
116 1631 221 1690 obstat
245 1623 334 1707 ύμμι,
363 1652 418 1710 pro
440 1651 501 1711 quo
528 1627 614 1705 σφισὶ
633 1652 702 1691 esse
722 1632 860 1692 deberet.
881 1669 923 1677 —
951 1633 1183 1693 Emendationis

45 1742 94 1791 aut
122 1734 343 1813 explicationis
371 1734 453 1792 viam
476 1731 593 1790 nullam
620 1731 727 1808 video;
764 1733 898 1793 sufficiat
928 1735 967 1794 de
1001 1735 1183 1794 difficultate

45 1833 102 1892 loci
122 1836 291 1895 monuisse.

411 1917 481 1976 Lib.
501 1917 560 1976 ΠΙ.
582 1938 611 1976 v.
636 1916 709 1978 656.
730 1939 818 1999 seqq.

128 2009 167 2090 ὦς
189 2011 222 2079 δ’
245 2010 293 2078 ότι
311 2039 355 2089 τις
376 2009 481 2096 νύμφη
501 2006 633 2096 θαλερόν
652 2007 742 2079 πόσιν
759 2015 792 2077 έν
812 2011 998 2095 θαλάμοισιν

127 2114 269 2199 μύρεται,
291 2104 316 2200 ᾧ
336 2140 389 2196 μιν
411 2113 547 2180 ὄπασσαν
567 2107 706 2193 ύδελφεοὶ
728 2108 818 2196 ἦδὲ*)
845 2121 963 2196 τοκῆες,

127 2212 219 2281 ούδέ
239 2220 275 2280 τί
294 2240 349 2279 ποι
367 2211 507 2290 πόσαις
529 2216 768 2296 ἐπιμίσγεται
790 2209 1071 2295 ἀμφιπόλοισιν

127 2321 212 2382 αἰδοῖ
230 2311 415 2403 ἐπιφροσύνῃ
433 2338 476 2379 τε·
499 2322 583 2401 μυχῷ
605 2308 635 2378 δ’
659 2309 790 2377 ἀκέουσα
810 2312 956 2376 θαάσσει·
1001 2400 1005 2407 Ι

51 2429 98 2483 tto
128 2413 178 2483 τόν
201 2420 237 2483 δέ
254 2444 297 2493 τις
318 2414 406 2481 όόλεσε
423 2425 528 2498 μοῖρα,
548 2411 643 2499 πόρος
665 2411 851 2497 ταρπήμεναι
873 2411 965 2507 ἄμφω

128 2516 287 2600 δήνεσιν
308 2512 539 2599 sllicitum}
565 2510 595 2578 δ’
616 2518 738 2594 ἔνδοθι,
760 2514 902 2595 δαιομένη
924 2537 995 2597 περ,

128 2627 196 2703 σῖγα
220 2617 300 2702 μάλα
322 2622 430 2697 κλαίει,
453 2623 545 2700 χῆρον
565 2616 645 2697 λέχος
662 2612 840 2699 εἰσορόωσα,

128 2719 168 2804 μή
187 2747 242 2804 μιν
263 2722 471 2804 κερτομέουσαι
493 2718 681 2799 ἐπιστοβέωσι
700 2725 849 2800 γυναῖκες.

52 2825 86 2883 In
100 2836 160 2887 toto
182 2829 244 2887 hoc
265 2814 334 2884 loco
357 2823 447 2904 plura
468 2832 553 2897 sunt,
581 2823 754 2902 quaemihi
775 2821 898 2901 quidem
919 2821 1058 2879 difficilia
1083 2820 1181 2898 expli-

54 2935 114 2986 catu
134 2929 289 2989 videntur.
325 2926 435 2986 Statim
452 2926 527 2984 licet
544 2925 643 3003 ipsam
666 2923 923 3002 comparationem
944 2922 977 2978 in
998 2920 1100 2977 multis
1115 2919 1181 2997 pul·

56 3049 127 3089 eram
148 3052 218 3090 esse
239 3030 419 3107 largiamur,
452 3036 557 3086 tamen
579 3044 639 3104 quo
660 3024 784 3102 proprie
808 3042 846 3081 ea
860 3029 997 3101 spectet,
1019 3020 1107 3078 nobis
1122 3040 1183 3078 non

54 3127 149 3209 liquet.
193 3132 342 3192 Videmus
364 3149 505 3200 uxorem,
534 3146 643 3185 recens
661 3134 803 3203 nuptam,
837 3141 916 3202 quae
938 3129 1065 3180 mortem
1084 3119 1183 3177 mariti

54 3228 202 3293 immatura
224 3241 321 3292 morto
346 3231 407 3311 ipsi
429 3229 528 3308 erepti
550 3227 659 3300 deflet,
689 3226 880 3304 aliarumque
911 3224 976 3282 sive
1002 3221 1183 3281 ancillarum

55 3331 112 3391 sive
141 3336 302 3395 mulierum
326 3340 447 3391 coetum
469 3330 555 3387 vitat.
608 3326 671 3386 Sed
701 3348 754 3386 eur
782 3328 851 3406 ipsa
876 3326 998 3398 timeat,
1034 3342 1069 3382 nc
1094 3329 1183 3396 ι’ριοονι

56 3436 172 3494 mulieres
201 3438 356 3494 deridentes
377 3437 577 3502 convicientur,
604 3450 667 3488 non
684 3428 786 3488 video.
830 3428 1002 3515 Praeterea
1015 3423 1130 3483 haereo
1151 3423 1184 3481 in

56 3533 146 3606 verbis
171 3528 244 3597 οδδέ
268 3535 295 3593 τί
322 3554 369 3592 πω
383 3513 543 3602 ’πόσαιςΙ
565 3527 609 3590 έπ.
642 3519 717 3606 app.
763 3530 844 3588 Nam
875 3527 951 3608 quid
978 3523 1103 3582 tandem
1124 3523 1183 3581 hoc

58 3632 213 3710 signifieat,
237 3656 305 3695 eam
326 3657 359 3694 se
382 3635 553 3693 immiscere
577 3631 710 3690 nondum
726 3628 864 3688 omnibus
881 3624 1024 3685 ancillis?
1046 3624 1183 3694 Fortem,

57 3733 78 3789 si
104 3748 197 3812 esset,
227 3758 295 3798 eam
323 3757 442 3797 omnem
470 3734 650 3793 ancillarum
678 3727 930 3789 consuetudinem
959 3725 1075 3794 vitare,
1106 3722 1182 3793 sive,

58 3842 86 3892 ut
109 3842 250 3920 negative
276 3839 358 3898 idem
385 3838 562 3906 efferamus,
599 3852 666 3891 eam
693 3851 761 3888 eum
791 3827 877 3887 nulla
905 3824 1086 3882 ancillarum
1112 3841 1182 3878 eon-

58 3954 203 4019 suescere3
231 3961 338 4001 verum
361 3941 429 4020 quis
447 3939 506 3997 hoe
524 3936 567 3993 ita
588 3932 790 4012 exprimeret,
823 3948 891 3987 eam
912 3946 974 3984 non
998 3944 1066 3982 cum
1089 3922 1182 3980 omni·

59 4033 107 4097 bus
129 4042 353 4105 consuescere?
380 4076 423 4084 -
450 4037 514 4099 Sed
542 4036 675 4094 maxime
701 4033 733 4091 in
757 4031 816 4089 hoc
844 4028 913 4087 loeo
942 4023 1079 4084 offendor
1106 4042 1184 4080 voce

65 4195 250 4214 κ--η

120 4293 145 4361 *)
163 4299 335 4351 Probabilem
347 4298 479 4350 Brunckii
499 4294 684 4360 conjecturam
702 4284 736 4358 ἠέ
753 4292 873 4344 Beckius
891 4289 1004 4353 recepit.
1034 4284 1182 4349 Vulgatam

62 4371 193 4436 lectionem
206 4387 315 4438 Scholia
327 4386 489 4437 Florentino
505 4384 578 4435 tueri
594 4381 734 4444 ridentur,
753 4380 777 4430 si
796 4381 825 4429 in
839 4379 882 4429 his
899 4374 1022 4426 minutiis
1035 4371 1102 4422 fides
1114 4370 1182 4435 ipsis
1287 4392 1289 4395 ·

64 4457 145 4518 haberi
160 4477 260 4537 potest.
