2884 5184
223 482 225 487 ·
268 452 307 516 28
595 462 782 522 aurnuns
804 463 1065 513 snvnnsnns.

267 633 299 703 κ’
321 632 445 715 ἐσάωσε,
466 638 519 699 καί
537 632 575 699 νύ
587 635 640 699 κέν
654 637 686 699 οἱ
697 647 729 700 et
741 628 935 716 ἆθανοὶτοισι,
958 661 1037 721 quae
1052 642 1248 719 grammatica
1261 643 1397 702 severior

268 754 300 805 et
325 764 398 804 usus
424 744 562 824 poeticus
587 743 699 801 mutari
729 741 836 802 voluit.
881 740 945 802 Sed
970 763 1032 801 non
1056 743 1156 803 minus
1185 753 1300 804 certum
1330 745 1398 803 mihi

268 847 404 919 videtur,
434 845 517 927 quod
536 836 694 922 μετεύασεν
713 844 747 903 in
774 831 852 922 μέγ’
881 834 1014 902 εὔαδεν
1035 843 1122 903 abire
1144 846 1234 922 jussi.
1275 847 1351 906 Hoc
1373 848 1398 906 ei

268 971 302 1009 se
324 947 424 1008 statim
446 948 603 1028 probabit,
627 949 693 1029 qui,
716 946 854 1026 perlecto
869 943 1001 1021 Quinto,
1025 950 1172 1026 quantum
1183 948 1239 1007 ille
1252 948 1313 1007 hoc
1328 944 1399 1026 μέγα

268 1052 438 1112 delectatus
466 1052 573 1124 fuerit,
604 1049 831 1121 observaverit,
861 1045 945 1127 quod
970 1048 1120 1129 exemplis
1141 1069 1223 1111 nunc
1244 1071 1307 1110 nou
1332 1070 1397 1110 cou-

266 1153 461 1214 firmabimus.
483 1152 546 1233 (cf.
566 1152 682 1213 Annot.
701 1151 743 1210 ad
764 1148 799 1223 2,
821 1147 908 1228 427.)

267 1297 296 1333 v.
322 1272 392 1332 145.
422 1294 477 1353 pro
506 1265 570 1354 δῴη
595 1268 790 1331 scribendum
819 1279 865 1328 est
895 1262 978 1352 daip.
1028 1270 1269 1332 Rhodomanu'us
1292 1271 1398 1331 habuit

268 1366 348 1454 dein,
369 1385 403 1435 ut
424 1375 560 1447 nescias,
583 1392 674 1454 quem
696 1369 818 1431 modum
840 1371 982 1432 voluerit.

267 1518 297 1555 v.
322 1494 392 1554 176.
418 1483 478 1565 Ὣς
496 1485 589 1569 φάτο·
607 1487 652 1551 τοὶ
671 1479 763 1551 δ’ἕνα
783 1482 885 1567 θυμὸν
908 1486 953 1550 ἐνὶ
974 1486 1138 1572 στέρνοισιν
1156 1490 1269 1572 ἔχοντες

433 1582 574 1673 αἰμφαὸὂν
593 1583 744 1671 ἡνήναντο
764 1590 960 1670 dissertatioe*
981 1586 1187 1672 ἐρατεινήν.

266 1699 351 1777 Ajax
377 1707 408 1757 et
429 1698 575 1774 Ulysses,
605 1694 644 1755 de
666 1694 759 1754 armis
779 1692 911 1753 Achillis
935 1696 1093 1769 certaturi,
1125 1695 1309 1773 Idomenea,
1339 1700 1393 1758 Ne·

267 1810 379 1881 storem
401 1807 431 1858 et
452 1798 713 1876 Agamemnonem
736 1796 867 1856 arbitros
890 1795 949 1855 sibi
970 1797 1129 1873 elegerant
1157 1797 1201 1876 (v.
1227 1797 1296 1860 134.
1321 1799 1394 1882 sqq.)

267 1899 438 1961 Prudenter
456 1899 528 1958 hinc
550 1897 693 1957 abhorret
711 1897 842 1973 Nestor,
864 1917 935 1956 nam
955 1898 1021 1957 fore
1044 1906 1091 1971 ut,
1116 1920 1207 1980 quem
1225 1901 1395 1962 inferiorem

266 2002 546 2084 pronuntiaverint,
575 2001 601 2059 is
625 2008 751 2081 propter
774 1998 941 2076 judicium,
971 2000 1053 2080 qnod
1080 2001 1217 2081 iniquum
1239 2004 1298 2063 sibi
1317 2003 1394 2062 vide-

267 2114 351 2179 atur,
376 2105 498 2166 arbitris
525 2103 622 2162 tribus
641 2109 840 2176 succenseat,
872 2105 1059 2182 quapropter
1081 2111 1115 2162 ut
1137 2104 1253 2184 captivi
1273 2104 1395 2183 Trojani

265 2210 345 2269 hanc
363 2209 450 2267 litem
472 2206 628 2279 dirimant,
653 2202 777 2266 suadet:
799 2202 907 2262 laudat
923 2204 990 2282 ejus
1005 2204 1165 2264 consilium
1179 2204 1395 2283 Agamemnon,

267 2319 298 2370 et
316 2312 383 2392 ipse
405 2312 481 2369 iram
504 2309 587 2387 ejus,
617 2307 666 2366 cui
690 2325 775 2364 arma
798 2303 979 2383 deneganda
1001 2307 1075 2379 sint,
1101 2307 1262 2367 vitaturus.
1307 2307 1396 2388 Atqui

266 2432 370 2471 omnes
391 2420 454 2472 tres
475 2421 548 2471 tunc
563 2397 713 2487 ἠνήναντο
730 2405 933 2483 δικασπολίην.
970 2405 1034 2466 Sed
1053 2429 1113 2488 quo
1127 2409 1198 2486 jure
1216 2415 1310 2490 poeta
1325 2410 1396 2468 hanc

265 2501 419 2591 ἐρατεινὴν
445 2533 558 2573 vocare
587 2510 698 2590 possit,
725 2506 859 2568 viderint
885 2509 953 2585 alii3
984 2509 1058 2568 mihi
1083 2517 1145 2568 tum
1170 2530 1210 2569 ex
1228 2510 1292 2585 his,
1323 2530 1395 2592 quae

265 2612 469 2693 praecedunt,
498 2622 562 2672 tum
583 2631 623 2671 ex
645 2631 675 2668 v.
697 2607 769 2668 318.
788 2611 956 2671 verisimile
977 2610 1025 2684 fit,
1055 2609 1202 2688 Quintum
1224 2613 1394 2692 scripsisse:

266 2713 461 2791 δικασπολίην
490 2702 696 2791 ἀλεγεινήν.
738 2711 790 2772 Sic
809 2712 889 2772 enim
913 2713 1026 2773 Noster
1050 2711 1088 2772 de
1113 2713 1222 2774 eadem
1243 2736 1278 2775 re
1300 2736 1394 2786 versu,

267 2836 357 2896 quem
379 2816 527 2890 diximus,
550 2814 626 2876 318:

432 2914 483 2977 aod
503 2910 566 2978 τότε
588 2909 696 2998 Τρώϊοι
716 2907 779 2986 οἶες
800 2911 880 2993 ἔριν
902 2904 1101 2975 σπάσαντ’
1125 2907 1330 2998 ἀλεγεινὴν

431 3017 549 3099 αἰζηῶν.

264 3161 294 3197 v.
320 3138 390 3197 177.
411 3160 467 3218 pro
487 3138 547 3196 τῶν
568 3124 596 3195 δ’
622 3125 677 3215 ἄρ’
701 3122 967 3211 ἆναινομένων
987 3137 1096 3198 melius
1118 3137 1256 3200 videtur:
1288 3143 1350 3200 τῶν
1369 3132 1393 3200 δ’

265 3228 592 3313 ἆκαναινομέναν.

264 3378 294 3414 v.
311 3353 382 3413 212.
401 3375 455 3434 pro
473 3350 624 3430 μέσσοισιν
638 3351 657 3413 ἔ
659 3373 716 3431 χες
733 3349 802 3426 νέας
815 3357 922 3437 utiquc
936 3357 1130 3417 scribendum
1148 3368 1193 3417 est
1210 3356 1307 3437 ἔχεις
1324 3356 1392 3428 νέας.
1413 3420 1414 3443 χ

264 3460 340 3518 Post
359 3478 390 3516 v.
407 3453 479 3515 231.
499 3455 694 3534 Tychsenius
716 3455 848 3516 lacunae
870 3460 959 3536 signa
981 3459 1099 3537 posuit,
1121 3461 1147 3518 si
1171 3460 1293 3521 codices
1313 3482 1391 3521 secu-

263 3569 327 3632 tus,
355 3559 436 3619 bene
455 3559 544 3634 feeit3
572 3559 619 3616 sin
640 3557 759 3631 minus,
786 3560 972 3638 asperiorem
997 3563 1164 3622 orationem
1186 3582 1279 3622 versu
1301 3572 1391 3621 trans·

249 3664 363 3746 posito
387 3660 539 3722 emollias:

429 3750 505 3819 ἀλλὰ
525 3759 587 3838 τίη,
608 3751 754 3837 μύθοισιν
774 3757 975 3839 {promtam
997 3766 1149 3841 κακοῖσιν,

426 3854 503 3935 ’όςτις
522 3853 660 3943 φέρτερός
682 3858 762 3922 ἐστιν
781 3859 825 3923 ἐνὶ
845 3855 1011 3944 φθισήνορι
1030 3861 1146 3949 χάρμῃ,

427 3961 549 4042 ἕσταμεν
570 3954 648 4041 ἄμφ’
668 3952 801 4042 Ἀχιλῆος
822 3954 974 4044 ἆμῦμονος
994 3957 1093 4046 ἀγλαὰ
1114 3958 1215 4044 verim,
1411 3978 1412 4031 i

261 4105 291 4141 v,
304 4082 376 4142 273.
391 4080 498 4163 peritis
514 4083 607 4143 facile
623 4083 827 4162 persuadebo,
845 4085 1011 4162 legendum
1026 4106 1111 4147 esse:
1131 4075 1174 4145 od
1190 4075 1261 4165 γὰρ
1280 4073 1390 4164 ἔμοιγ’

262 4176 454 4260 &adponere
473 4206 528 4265 pro
549 4205 601 4257 eo,
629 4185 711 4264 quod
733 4186 893 4264 vulgatur,
921 4178 958 4246 od
979 4177 1039 4265 γὰρ
1060 4187 1110 4263 μοί
1130 4178 1175 4264 χ’,
1207 4188 1346 4247 similiter
1363 4195 1390 4245 nt

261 4322 291 4358 v.
310 4298 381 4359 290.
405 4297 472 4359 καὶ
494 4288 525 4358 d’
550 4296 632 4375 ἐμοὶ
653 4321 708 4379 pro
733 4300 783 4362 nui
806 4301 842 4362 dd
859 4325 918 4381 μοι.

260 4420 290 4456 v.
314 4397 385 4457 278.
409 4422 462 4459 cur
483 4401 680 4478 Tychsonius
702 4396 811 4480 στήσας
831 4427 887 4484 pro
909 4407 1051 4482 στῆσας
1071 4411 1210 4464 veterum
1231 4406 1387 4466 editionum

261 4499 432 4576 scripserit,
454 4519 517 4558 non
538 4499 640 4560 video.
