2884 5184
369 462 453 509 VITA
476 461 553 511 CAR.
576 463 706 512 Luuov.
726 463 871 511 STRUVE.
1100 466 1189 514 XXIX

40 633 194 716 ingenua
204 630 330 716 aliquot
350 632 496 696 virorum
510 632 679 697 doctorum
694 631 934 714 familiaritate,
958 634 1014 719 qui
1030 634 1102 718 jam
1118 643 1188 697 tum

39 733 78 794 in
109 732 327 796 universitate
355 733 595 818 Regimontana
620 734 793 799 florebant.
854 734 1008 820 Inprimis
1043 736 1188 798 amicitia

40 834 184 917 gavisus
206 842 258 896 est
268 833 341 897 Viri
353 833 480 898 Summi
501 843 534 898 et
557 835 593 899 in
614 836 737 900 nostris
759 833 865 898 literis
877 834 987 917 Unici,
1007 834 1188 899 Christiani

40 934 193 1018 Augusti
221 933 394 999 Lobeckii.
430 934 484 998 Sic
513 957 543 999 a.
575 938 667 1000 1814.
699 935 870 1001 Friderico
898 935 1030 1000 Graefio
1057 935 1186 1000 scribit:

40 1035 109 1118 „In
127 1034 299 1099 Lobeckio
326 1036 448 1121 optimo
471 1058 584 1102 verum
607 1039 749 1101 amicum
776 1039 932 1122 cognovi,
960 1058 1089 1123 quaque
1111 1036 1188 1100 heb-

43 1135 187 1200 domade
206 1138 338 1222 saepius
360 1137 593 1219 convenimus,
624 1145 760 1223 tumque
781 1139 900 1202 acriter
923 1160 983 1201 nos
1006 1138 1047 1200 de
1070 1137 1188 1201 studiis

1 1281 2 1284 ,
42 1236 169 1299 nostris
193 1235 361 1323 disputare
383 1236 482 1302 facile
505 1238 629 1302 credes.
679 1238 771 1302 Talis
792 1239 993 1304 consuetudo
1015 1238 1188 1304 vehemen-

42 1345 96 1401 ter
119 1337 265 1400 animum
286 1340 405 1423 pungit
427 1348 459 1401 et
482 1338 672 1403 inflammat.
719 1339 855 1425 Utinam
877 1340 929 1404 Tu
951 1340 1047 1407 nobis
1070 1339 1186 1402 tertius

41 1437 224 1501 1111111111α
246 1478 289 1486 -
307 1437 491 1518 Quotannis
514 1440 594 1504 bina
613 1438 667 1505 vel
685 1448 782 1502 terna
804 1442 984 1527 specimina
1006 1441 1187 1505 studiorum

43 1538 109 1602 sub
141 1540 273 1602 nomine
305 1549 599 1626 programmatum,
629 1540 750 1626 quibus
783 1540 826 1603 ad
857 1541 1028 1605 sollemnia
1059 1540 1188 1605 scholae

43 1638 249 1703 celebranda
271 1640 453 1723 invitabat,
478 1640 673 1705 excudenda
695 1641 842 1706 curabat.
881 1642 936 1705 Sic
956 1644 1070 1729 primis
1092 1643 1188 1705 annis

42 1740 242 1827 prodierunt
262 1752 506 1833 programmata
528 1743 740 1824 deLuciano,
765 1740 888 1821 Quinto
911 1743 1102 1829 Smyrnaeo,
1114 1742 1188 1805 Pla-

40 1851 138 1924 tone,
159 1843 194 1904 in
216 1828 336 1927 quibus
356 1852 487 1930 praeter
505 1846 651 1909 criticam
676 1845 716 1908 de
728 1844 839 1908 multis
862 1844 993 1909 illorum
1019 1853 1187 1908 auctorum

42 1943 127 2007 locis
153 1942 410 2027 disputationem
430 1946 680 2029 grammaticae,
702 1944 969 2034 lexicographiae
996 1955 1028 2010 61
1051 1948 1101 2010 161
1122 1969 1187 2010 1111-

42 2046 148 2110 tricae
171 2045 315 2108 animum
340 2047 482 2109 maxime
511 2045 663 2110 advertit.
705 2047 769 2110 His
795 2049 925 2134 scriptis
954 2049 1018 2111 cito
1047 2050 1082 2111 in
1104 2051 1187 2113 noti·

42 2149 127 2210 tiam
147 2154 182 2209 et
200 2147 427 2210 commercium
448 2149 540 2212 venit
561 2147 737 2211 multorum
756 2150 901 2214 virorum
924 2148 1108 2231 doctorum,
1132 2150 1189 2234 qui

43 2257 117 2310 tum
140 2249 227 2310 inter
248 2246 432 2333 philologos
455 2251 613 2312 eximium
635 2249 743 2315 locum
771 2248 939 2313 tenebant.
986 2251 1040 2312 Ex
1067 2250 1188 2335 quibus
1289 2284 1295 2297 ι

42 2351 190 2435 primum
212 2350 343 2412 nomino
371 2348 560 2436 Philippum
588 2349 841 2431 Buttmannum,
869 2350 1013 2440 doctum·
1028 2372 1188 2436 gramma-

43 2452 133 2515 ticae
158 2449 304 2514 Graecae
321 2450 490 2526 editorem.
531 2450 668 2532 Struve,
691 2471 793 2536 quum
814 2450 885 2536 ipse
908 2451 1009 2514 rebus
1022 2449 1188 2537 'gramma-

43 2553 123 2615 ticis
147 2549 245 2615 valde
276 2551 437 2634 studeret,
470 2574 544 2615 cum
566 2552 628 2615 hoo
650 2553 723 2617 viro
761 2553 894 2637 egregio
916 2553 1019 2617 multa
1039 2553 1190 2618 addenda

44 2662 79 2715 et
103 2651 299 2735 corrigenda
323 2652 358 2714 in
385 2654 598 2736 grammatica
620 2653 692 2738 ejus
713 2655 980 2740 communicavit,
1005 2656 1188 2741 dequibus

43 2762 144 2838 grato
166 2753 274 2817 animo
295 2754 443 2838 exceptis
461 2755 508 2817 ita
529 2742 657 2818 locutus
686 2762 737 2818 est
756 2754 977 2819 Buttmannus
1001 2760 1037 2820 in
1056 2756 1189 2820 Praefa-

43 2857 138 2919 tione
162 2853 354 2918 Prolixioris
381 2853 693 2941 Grammaticae1'l'.
716 2855 744 2918 I.
766 2855 913 2919 Berolini
938 2857 1042 2942 lala]
1066 2880 1098 2941 p.
1110 2855 1188 2918 VII.

46 2959 117 3019 29.:
142 2953 279 3040 „Neque
302 2976 380 3019 vero
398 2953 505 3040 legem
527 2957 685 3041 migrasse
708 2955 865 3038 videbor,
885 2958 914 3018 si
928 2963 1117 3042 ¹permotum
1138 2978 1190 3018 me

46 3056 174 3137 habeo,
201 3064 238 3118 ut
264 3056 299 3118 in
325 3055 386 3119 hac
414 3057 619 3143 praefatione
648 3057 810 3119 maximas
840 3057 964 3141 gratias
993 3076 1090 3138 agam
1118 3057 1190 3120 viro

45 3157 186 3242 egregio
214 3156 348 3222 Struvio
378 3159 633 3242 Regimontano,
664 3158 721 3243 qui
742 3158 827 3220 serie
857 3157 1121 3239 adnotationum,
1147 3156 1191 3221 ad

45 3266 181 3322 sextam
199 3261 431 3342 grammaticae
452 3283 543 3324 meae
563 3261 739 3325 editionem
756 3259 1026 3345 conscriptarum,
1037 3279 1103 3321 non
1120 3265 1190 3320 tan-

44 3371 120 3424 tum
143 3358 295 3446 exempla
317 3358 420 3423 multa
441 3361 523 3424 mihi
546 3361 861 3442 subministraverit,
883 3361 1117 3426 verumetiam
1134 3381 1189 3422 no-

45 3485 111 3527 vas
133 3482 188 3524 res
209 3462 441 3525 monstraverit
461 3472 626 3548 nutusque
649 3461 786 3544 dederit,
799 3462 887 3526 unde
909 3462 1046 3526 maximi
1064 3461 1190 3524 fructus

46 3562 133 3625 mihi
155 3561 418 3625 redundabant.“
462 3561 523 3626 Illo
550 3571 694 3649 tempore
717 3565 859 3650 primum
884 3564 1018 3649 majoris
1048 3563 1190 3626 ambitus

46 3661 191 3744 librum,
223 3684 287 3748 quo
316 3663 398 3727 viris
427 3659 532 3726 doctis
563 3686 598 3729 se
628 3664 886 3745 commendaret,
921 3664 1018 3727 edere
1049 3665 1190 3747 paravit,

51 3758 288 3827 Additamenta
309 3763 382 3826 dico
404 3763 448 3827 ad
462 3763 654 3827 Schneideri
674 3763 824 3826 Lexicon
843 3762 1016 3825 Graecum.
1060 3762 1191 3824 Etenim

25 3878 158 3942 quum
185 3864 219 3926 in
251 3864 400 3949 legendis
433 3863 648 3950 scriptoribus
673 3865 818 3926 animum
848 3882 976 3947 semper
1005 3862 1191 3927 1111116111

53 3955 339 4049 lexicographiae,
368 3965 466 4030 facile
495 3964 676 4046 intellexit,
706 3963 809 4026 multa
842 3962 944 4028 verba
978 3964 1014 4026 in
1046 3961 1192 4026 secunda

52 4058 158 4121 lexiei
189 4058 433 4131 Schneideriani
466 4075 499 4130 et
535 4068 634 4130 etiam
666 4066 701 4128 in
730 4064 913 4126 novissima
940 4071 1010 4126 tum
1030 4062 1192 4126 Thesauri

52 4159 190 4243 linguae
211 4159 371 4246 Graecae,
401 4169 443 4231 ab
466 4167 610 4230 Henrico
634 4165 799 4251 Stephano
822 4165 1018 4245 constructi,
1048 4164 1191 4226 editione

51 4259 262 4324 Londinensi
290 4263 478 4332 desiderari.
519 4267 589 4330 Iam
620 4266 694 4352 plus
721 4266 786 4329 duo
811 4263 915 4328 millia
941 4264 1115 4330 verborum
1137 4286 1192 4327 no-

51 4369 201 4443 taverat,
224 4363 344 4447 quibus
363 4366 534 4432 additurus
560 4376 630 4431 erat
651 4376 720 4431 tum
742 4364 867 4451 aliquot
883 4366 1128 4451 disquisitiones
1152 4364 1192 4428 de

54 4462 213 4547 analogia
245 4462 377 4549 linguae
409 4466 573 4550 Graecae,
604 4477 674 4533 tum
705 4468 834 4552 copiam
864 4466 1126 4530 emendationum
1159 4468 1195 4528 in
