2884 5184
365 458 564 506 ORACULA
588 460 830 513 SIBYLLINA.

189 625 443 711 ψυχοιρόφον
462 637 617 713 φενειῆρα,
640 625 714 693 θεὸν
735 632 842 714 μέγαν,
861 633 926 696 oliv
946 629 1038 701 έόνια,

34 753 58 788 v.
75 729 122 789 48.
141 732 236 810 lego:
641 718 645 725 .

188 824 310 909 ξουθὰ,
334 826 597 915 λιγννιιεράφοινά
623 825 652 893 τ’
678 828 866 915 έρέσσοντ’
890 827 963 918 ἆέρα
984 847 1109 919 ταρσοῖς,

32 955 56 991 v.
76 932 124 992 59,
148 955 199 1014 sq.
226 926 403 1013 ἅνθρωποι,
424 933 454 993 τί
471 928 568 1013 μάτην
585 932 752 1014 ὑφοάμενοι
778 934 1039 1017 έκροιζοῦσθε;

188 1034 427 1112 αἰσχυνθῆτε
444 1038 537 1114 γαλᾶς
555 1034 606 1096 καὶ
629 1030 768 1097 κνώδαλα
791 1043 1019 1112 θειοποιοῦνιες.

30 1137 155 1193 iuratus
176 1136 261 1214 legit
279 1133 494 1212 έκφνσιοῦσθες
517 1138 573 1198 sed
594 1139 694 1199 scribe
717 1136 957 1221 έκριζοῦσθε,
980 1144 1062 1223 quod
1081 1144 1163 1203 Lati-

29 1257 78 1294 nus
103 1237 264 1315 interpres
294 1240 449 1316 expressit
477 1245 602 1315 stirpitus
622 1245 732 1315 perite.
777 1242 946 1302 Praetereo
973 1244 1167 1304 scribendum

29 1346 70 1395 est
89 1329 346 1415 αἰσχύνθητε,
373 1339 455 1419 quod
477 1342 655 1420 imperantis
678 1351 735 1402 est.

536 1509 608 1567 Lus.
629 1510 655 1567 I.

30 1643 55 1679 v.
78 1621 146 1682 150.
175 1616 304 1703 ’Ἄνδρες
324 1617 589 1703 άπισνόκοροι,
613 1619 731 1708 μεγάλῳ
753 1624 943 1705 βεβολημένοι
965 1629 1080 1714 οἴστρφ.

31 1744 56 1779 v.
79 1723 147 1783 177.
172 1725 319 1804 ψεῦσται,
347 1714 612 1806 άπιστόκοροι,
636 1723 894 1807 κακοπράμμονες,
918 1719 1006 1790 οὐδὲν
1024 1720 1143 1809 άληθές.

32 1845 56 1879 v.
77 1822 147 1884 329.
172 1815 230 1904 ἠδ’
256 1819 452 1898 ἑκατοντάδας
469 1816 561 1903 ὀκνῶ,
585 1819 863 1908 άπιστοκόροις
884 1820 1066 1912 ἀνθρώποις.

32 1924 92 1982 Vox
111 1915 312 2004 άκνστόκορος
328 1928 401 1986 mihi
420 1949 546 2006 prorsus
568 1930 723 2008 incognita
744 1941 801 1991 est.
826 1933 938 1992 Aurati
958 1943 1050 2014 etque
1064 1934 1162 2016 Opso-

34 2028 93 2102 pcei
121 2029 351 2108 explicationes
379 2048 440 2087 non
464 2030 590 2107 placere
615 2044 755 2110 possunt.
803 2034 863 2092 Ille
896 2037 976 2094 enim
1005 2037 1163 2115 explicuit,

34 2131 105 2185 corde
130 2133 287 2202 increduli,
309 2129 398 2208 quasi
424 2129 463 2188 ab
489 2122 609 2202 άπιστος
637 2142 668 2190 et
692 2130 778 2212 κέαρ,
805 2134 886 2193 unde
915 2137 1094 2195 Latinorum
1115 2157 1165 2195 cor

36 2224 190 2289 deductum
219 2230 269 2287 sit.
315 2228 498 2309 Opsopaeus
528 2252 603 2291 vero
628 2234 742 2291 rectius
773 2235 852 2291 verti
879 2253 972 2312 posse
1000 2235 1164 2294 arbitretur

30 2335 181 2402 propensum
210 2331 277 2389 sive
306 2347 419 2404 permen
452 2335 640 2404 incredulum,
666 2341 697 2391 et
724 2333 756 2390 in
786 2324 908 2402 άπισνος
939 2342 1031 2412 etque
1067 2326 1164 2412 κόρος,

37 2428 107 2504 quod
128 2430 270 2502 Galeno,
292 2430 451 2508 Hesychio
474 2442 506 2491 et
528 2432 643 2492 Suidae
666 2428 734 2491 νέον
754 2422 923 2509 βλάστημα,
949 2438 1082 2492 novellum
1098 2453 1163 2510 per-

37 2546 101 2602 men,
122 2532 293 2609 significat,
317 2532 442 2593 resolvi.
486 2534 575 2594 Haec
604 2554 678 2593 sane
706 2533 747 2593 ad
767 2554 876 2593 vocem
897 2536 1161 2615 hano'explican·

38 2628 97 2690 dam
115 2634 193 2693 nihil
215 2626 347 2709 faciunt3
370 2654 472 2712 neque
495 2634 661 2714 quidquam
682 2635 830 2714 praesidii
849 2638 943 2696 estin
960 2637 1055 2696 variis
1076 2639 1163 2697 lecti-

38 2732 147 2809 onibus,
176 2735 237 2794 nisi
265 2735 346 2816 quod
379 2736 411 2793 in
445 2735 579 2797 secundo
607 2736 692 2808 loco,
724 2758 815 2817 quem
842 2738 1056 2817 produximus,
1089 2739 1162 2798 Gel-

38 2832 89 2891 laei
108 2836 208 2896 codex
230 2836 359 2915 praebet
381 2825 592 2912 άνιστόφνλοι,
614 2837 765 2916 quomodo
786 2839 819 2895 in
844 2839 982 2898 omnibus
1005 2841 1161 2918 exempla·

38 2933 108 2996 ribus
134 2939 191 2998 lib.
219 2935 250 2996 8.
278 2959 308 2996 v.
340 2935 424 3009 186.,
449 2938 501 2997 ubi
523 2938 604 2996 idem
628 2956 737 2995 versus
764 2937 875 2996 iterum
903 2946 1019 3010 exstat,
1039 2939 1161 3014 legitur.

39 3034 94 3114 ligo
114 3041 193 3099 nihil
213 3039 336 3098 definio.
380 3038 449 3098 Hoc
468 3045 585 3097 certum
606 3044 667 3107 est,
693 3040 793 3109 infidos
814 3037 996 3097 vocobulum
1016 3037 1076 3096 hoc
1102 3039 1161 3116 sig·

38 3136 161 3199 nificare.

39 3256 62 3293 v.
80 3239 146 3300 176.
193 3230 420 3319 ἇρκασιαῖοι
438 3232 594 3317 τύραννοι,
623 3227 793 3318 άμάριωλολ
813 3259 842 3299 ιε
862 3238 963 3318 βίαιοι.

39 3337 161 3402 duratus
182 3344 311 3423 primum
332 3342 514 3401 vocobulum
536 3342 567 3399 in
590 3330 756 3420 άρνιάγιμοί
771 3360 802 3400 τε
824 3350 855 3401 et
876 3340 1040 3401 Turnebus
1060 3341 1091 3398 in
1106 3331 1160 3421 άρ-

39 3427 130 3501 κάλεοέ
148 3464 179 3502 τε
199 3453 346 3503 mutatum
367 3444 547 3518 voluerunt3
575 3452 749 3521 corruptum
771 3463 841 3503 esse
864 3453 993 3502 metrum
1016 3442 1159 3502 ostendit.

40 3537 91 3599 Sed
111 3545 211 3604 codex
233 3544 358 3604 Galloei
378 3544 507 3623 praebet
528 3532 733 3624 άστασέησι
752 3534 908 3620 τύραννοι,
931 3542 1029 3620 quod,
1055 3562 1158 3621 quam-

40 3642 159 3705 vinnon
185 3647 261 3704 satis
293 3645 367 3704 mihi
399 3644 604 3716 intellectum,
636 3644 830 3701 confirmetur
856 3641 910 3698 lib.
946 3638 976 3697 8.
1010 3660 1041 3698 v.
1078 3638 1158 3713 135„

40 3741 82 3800 ubi
102 3748 167 3806 sine
184 3747 337 3805 verietate
359 3765 468 3805 versus
491 3747 535 3805 ita
559 3744 689 3821 scriptus
708 3742 870 3819 reperitur.

41 3861 64 3900 v.
83 3844 149 3907 217.
173 3868 241 3928 sqq.
265 3838 322 3904 σὺν
341 3837 372 3904 δ’
394 3843 498 3923 ἔβαλεν
518 3840 657 3921 νεφέλας,
678 3832 796 3921 κρύψεν
820 3835 853 3897 δὲ
871 3834 1160 3916 καρανγέαδίσκον,

263 3935 321 4005 σὺν
342 3936 372 4005 δ’
397 3939 515 4026 άσνροις
535 3937 663 4023 μήνην
680 3938 746 4002 καὶ
767 3928 909 4019 οὐράνιον
926 3930 1104 4015 στεφάνωμα

262 4040 361 4106 πάντα
381 4039 614 4125 κερισκεοιάσνς,
636 4031 740 4123 μεγάλ’
763 4039 877 4112 έκινπε,

36 4137 66 4202 ’λη
84 4169 204 4227 quorum
225 4168 369 4208 versuum
390 4148 524 4208 seeundo
552 4136 673 4223 μήνην
700 4162 738 4201 τε
762 4136 826 4200 καλ
856 4139 1049 4199 scribendum
1071 4139 1159 4211 foret,

44 4245 63 4300 ti
80 4270 141 4310 cum
160 4252 220 4309 elio
244 4250 392 4327 scriptore
413 4268 463 4307 res
488 4247 576 4306 nobis
599 4252 691 4305 esset.
737 4243 789 4301 Sic
816 4242 909 4320 poulo
938 4249 1024 4311 ante,
1055 4238 1162 4298 eodem

45 4340 67 4402 st
81 4353 194 4423 omisso,

257 4445 308 4507 καλ
329 4439 392 4506 τότε
411 4434 440 4504 δ’
461 4430 500 4503 αὖ
521 4435 638 4519 ἄλοχος,
660 4438 711 4500 καὶ
733 4437 807 4512 υἱέες
829 4430 884 4518 ἠδέ
907 4459 941 4518 γε
961 4430 1078 4516 νύμφαι
