2884 5184
821 249 848 283 Q

273 422 333 484 130
611 432 875 481 aulonitana
898 432 1069 482 annuos

271 609 389 668 Lexico
409 626 434 665 a.
454 626 485 664 v.
506 595 707 685 ὃλοίστροφος.
749 607 967 688 Interpretatio
986 609 1020 667 in
1044 608 1197 668 veteribus
1218 609 1394 668 editionibus

271 708 312 783 A,
328 707 366 780 B,
388 705 414 765 C
436 707 545 766 habet:
568 712 617 782 pm·
631 726 688 782 per
709 718 810 767 mereto
828 707 998 786 uersurm*),
1014 710 1104 789 quasi
1124 705 1342 789 ἕνολοίσιροφος
1362 713 1394 770 sit

271 801 444 889 dctplpmr
463 804 551 888 ἐντῷ
570 800 640 891 ὅλῳ.
685 808 750 870 Sed
768 810 869 870 codex
891 809 1052 870 Gothanus
1075 808 1157 889 apud
1176 810 1340 870 Oellarium
1361 812 1393 869 ad

272 911 467 971 Lactantium
488 911 634 991 praebet,
653 917 704 987 pm'
721 928 779 986 per
803 915 890 970 multu
917 918 1055 987 οονοανῐο,
1087 912 1229 992 „quasi,“
1255 921 1292 971 ut
1320 911 1394 969 addit

274 1012 427 1074 cellarius
451 1004 656 1092 ,miduepops
677 1011 835 1092 legissem
878 1013 983 1094 Atque
1010 1014 1070 1073 hoc
1095 1032 1172 1072 sane
1197 1014 1393 1091 inposterum

273 1114 436 1175 Lactantio
457 1123 632 1194 reponetur,
653 1112 803 1173 suadente
827 1112 933 1173 codice
958 1113 1136 1192 nostro**),
1159 1123 1193 1172 ut
1215 1115 1278 1190 jam
1309 1114 1392 1172 omnis

273 1213 313 1275 de
338 1214 463 1274 insolita
492 1235 571 1275 voce
602 1215 641 1273 lis
667 1215 789 1275 sublata
818 1215 867 1274 sit.
930 1216 980 1275 Ita
1009 1236 1084 1276 vero
1111 1215 1254 1293 scriptum
1286 1222 1392 1273 exstat:

273 1321 359 1375 tectum
374 1321 506 1391 sopierm'e
530 1315 692 1390 llancope.
716 1321 802 1375 metro
816 1319 940 1376 doetrme
961 1317 1329 1376 aantoaiaakatai.mu1tis
1346 1333 1392 1371 mo·

273 1418 351 1474 tibus
376 1414 838 1495 lloaicopopekockyttiaaionn
854 1422 1000 1489 potestatis
1019 1420 1089 1475 audi
1107 1420 1214 1476 demm
1235 1417 1262 1473 t.
1284 1432 1309 1473 e.

438 1532 575 1593 πονοοφε
594 1515 843 1576 ccmodrdmmrm
864 1520 1043 1595 πολιστροφε
1064 1520 1192 1576 mono&
1213 1515 1329 1593 duropr,
1400 1539 1401 1544 ¹

274 1617 357 1698 quod
376 1616 469 1677 facile
490 1616 751 1678 transformatur
741 1639 774 1677 un
1400 1661 1401 1690 ,

439 1710 589 1792 πάνσοφε,
604 1717 833 1794 ποντοδίδακτε,
847 1709 1047 1795 moldoupopr,
1066 1715 1194 1777 κέκλυθι
1206 1683 1323 1794 δαῖμον.
1400 1725 1401 1782 5

274 1820 312 1878 In
333 1818 483 1878 vocabulo
506 1815 756 1877 conmemorat
775 1819 948 1878 terminatio
969 1820 1103 1897 vestigia
1129 1817 1267 1878 itacismi
1289 1818 1401 1888 retinet

275 1918 445 1997 cujusmodi
461 1918 580 1997 plura
571 1938 604 1977 m
623 1917 787 1996 Sibyllinis
807 1918 948 1979 vidimus.
1400 1865 1401 1958 l

796 2067 892 2128 ubis

360 2187 449 2256 „Item
470 2202 586 2259 rursus,
605 2205 688 2262 quum
704 2203 808 2261 preces
826 2193 855 2245 r‘n
876 2191 1028 2262 Apollinem
1044 2190 1213 2247 Smintheion
1234 2194 1401 2290 reputem,

271 2298 426 2365 promeret,
449 2290 484 2346 ab
505 2289 557 2345 hoc
576 2304 658 2347 verm
676 2304 797 2346 exortus
817 2298 871 2347 est.
1400 2295 1401 2340 l

441 2380 568 2469 ἁρμονίη
587 2382 708 2466 κόσμοιο
730 2380 883 2468 φαεσφόρε
900 2386 951 2449 καὶ
970 2386 1044 2465 σοφὲ
1064 2388 1203 2467 ὃαῖμον,“
1400 2421 1401 2484 1

277 2495 330 2556 ubi
352 2493 425 2554 edit.
452 2492 483 2551 Α
511 2509 638 2567 αομονιη
659 2504 772 2568 κοσμον
788 2492 913 2566 poenula
935 2511 986 2550 και
1008 2507 1082 2566 σοφε
1103 2489 1212 2566 δοιμον
1231 2497 1263 2549 et
1282 2484 1401 2549 sieten

278 2594 446 2676 quoqueB
473 2601 504 2652 et
529 2589 564 2650 Ο.
602 2591 705 2671 Atque
732 2612 825 2671 quum
848 2592 880 2650 in
904 2592 1156 2672 interpretatione
1185 2590 1309 2669 legatur
1328 2593 1401 2682 „on-l

277 2697 350 2756 nino
376 2694 513 2767 lucide“,
534 2688 677 2769 φαὲσολος
703 2715 759 2774 pro
783 2694 948 2774 composito
972 2714 1012 2753 ex
1035 2683 1111 2769 φάος
1131 2701 1163 2752 et
1183 2683 1252 2765 ὅλος
1277 2690 1401 2751 habitunt

277 2797 408 2858 videtur.
453 2795 530 2875 Quis
550 2794 665 2874 primus
686 2795 843 2874 vulgatam
864 2795 1028 2856 lectionem
1055 2793 1276 2867 introduxerit,
1300 2789 1388 2852 nescio·

280 2898 481 2959 confirmatur
500 2916 538 2959 ea
560 2917 681 2978 quoque
702 2918 721 2956 a
741 2905 844 2956 nostro
868 2896 989 2971 codice,
1012 2897 1076 2957 levi
1096 2906 1214 2956 tantum
1237 2896 1388 2955 mutatione.

280 3000 401 3062 Graeca
422 3002 503 3061 enim
523 3000 568 3058 sic
589 3008 717 3059 exarata
739 3007 825 3058 sunt:
855 2997 1387 3079 apnoninkoenoiopaeepopellaam

279 3103 460 3177 paeaainon
483 3102 513 3160 h.
538 3121 565 3159 e.

445 3221 572 3278 αρμονιη
591 3215 712 3275 κοσμοιο
734 3216 884 3278 φαεσφορε
904 3214 1060 3274 πανσοφαε
1083 3198 1200 3276 despue,

277 3298 359 3358 unde
388 3290 524 3374 πάνσοφε
545 3319 600 3378 pro
629 3296 680 3357 aul
706 3297 782 3374 σοφέ
802 3320 934 3380 reponas
942 3299 1025 3379 ***).
1061 3302 1277 3380 Interpretatio
1305 3298 1401 3359 Latina

277 3397 384 3458 habet:
408 3416 539 3476 cumpupu
560 3404 668 3469 mundi,
689 3405 802 3478 lucifer,
826 3406 932 3461 demon.
960 3400 1086 3462 Excidit
1108 3401 1201 3478 igitur
1223 3400 1386 3464 vocabulum,

279 3519 338 3580 quo
357 3494 494 3577 πάνσοφε
510 3501 663 3562 redditum
684 3513 741 3564 est.

731 3645 827 3705 lusu
851 3644 882 3721 p.
907 3644 956 3704 10.

363 3764 457 3834 „Quid
474 3781 540 3840 erpo
561 3773 702 3839 superest,
721 3768 776 3822 nisi
794 3773 825 3822 ut
846 3781 899 3822 suu
919 3765 1092 3838 conseruere
1112 3765 1272 3822 verberibus
1297 3759 1388 3825 vestm

278 3863 567 3943 (mumurantem
591 3864 658 3923 cod.
685 3865 724 3925 R.
754 3865 820 3924 sine
850 3864 941 3924 dubio
969 3885 1040 3944 pro:
1063 3862 1246 3923 verberibus
1266 3864 1318 3924 dei
1334 3855 1385 3928 veri)

347 4117 375 4187 *J
392 4120 438 4172 Sic
456 4133 564 4185 quoquo
580 4118 609 4167 in
626 4116 687 4169 cod.
705 4117 812 4182 vitet„
832 4134 911 4185 quem
935 4118 1062 4190 Spitaner
1086 4133 1102 4167 a
1125 4118 1204 4168 uobis
1222 4122 1334 4184 rogatus
1348 4125 1385 4164 mv·

279 4201 371 4254 suluit.

347 4284 390 4352 **)
412 4287 580 4336 assentiente
596 4283 811 4336 codiceVratisl.
831 4284 909 4349 eujus
929 4255 1101 4336 collationem
1115 4284 1248 4335 beneficio
1259 4275 1385 4335 Schneiderl

278 4367 420 4433 debemus,
439 4373 540 4420 tamin
559 4369 686 4432 Graccis,
706 4385 787 4435 qnam
806 4371 835 4419 in
853 4372 975 4421 Latinis:
994 4369 1038 4436 quii
1055 4386 1105 4433 per
1122 4372 1200 4420 mauu
1216 4372 1332 4423 verteris.

347 4449 408 4513 ***)
427 4453 473 4500 Sic
492 4466 598 4514 quoque
617 4452 683 4501 Ood.
702 4453 815 4503 Vratial.
