2884 5184
387 460 471 509 VITA
494 462 571 513 CAR.
595 466 725 516 LUDOV.
748 467 894 520 STRUVE.
1089 479 1205 528 XXXIII

55 633 173 688 tamen
195 625 270 690 aliis
290 629 409 693 studiis
432 632 480 695 'ab
507 632 569 697 hoc
595 637 732 700 consilio
761 639 893 704 videtur
923 665 995 707 esse
1024 644 1201 730 detractus,

55 746 167 809 neque
189 728 288 789 etiam
312 727 352 790 de
372 730 484 794 codice
507 732 581 814 1116,
604 755 700 818 quem
722 738 847 821 passim
868 761 987 824 magno
1015 765 1089 806 cum
1109 767 1200 830 prae-

53 824 152 886 conio
185 830 475 913 commemorabat,
502 832 681 918 quidquam
710 836 753 898 ad
781 839 870 901 viros
898 841 1010 905 doctos
1035 842 1200 927 manabat,

53 920 163 984 donec
186 924 265 987 Viro
289 925 497 1012 Clarissimo,
525 931 721 996 Immanueli
741 935 912 1020 Bekkero,
940 943 1199 1006 recentissimam

53 1018 154 1082 Sexti
193 1021 369 1088 editionem
407 1030 553 1111 paranti,
591 1029 783 1095 conferendi
814 1034 914 1119 hujus
947 1037 1069 1101 codicis
1106 1043 1199 1125 copia

52 1116 146 1180 facta
166 1127 226 1181 est.
254 1120 297 1182 A.
328 1117 422 1186 1823.
441 1110 569 1189 'librum
595 1126 636 1190 de
662 1127 881 1194 declinatione
910 1141 943 1195 et
969 1134 1198 1221 conjugatione

49 1216 178 1278 Latina
194 1217 319 1303 publici
334 1220 422 1303 juris
444 1222 524 1287 fecit
546 1236 579 1289 et
600 1230 848 1311 grammaticam
861 1229 1021 1295 Graecam
1045 1237 1197 1300 secundis

50 1317 143 1378 curis
165 1318 331 1402 repetivit.
358 1313 452 1383 ¹Jam
481 1343 510 1385 a.
539 1326 630 1388 1824.
655 1324 846 1391 Fridericus
874 1329 1066 1418 Jacobsius,
1096 1356 1196 1419 quum

48 1434 119 1475 una
142 1435 218 1477 cum
239 1413 294 1478 Fr.
318 1416 433 1480 Rostio
444 1418 671 1486 Bibliothecae
684 1423 833 1488 Graecae
853 1427 1000 1492 edendae
1022 1432 1194 1496 consilium

46 1513 213 1599 cepisset,
236 1513 394 1577 Patruum
416 1539 476 1601 per
505 1518 618 1584 literas
641 1524 786 1607 rogavit,
817 1534 853 1588 ut
881 1526 1041 1593 Herodoti
1068 1539 1194 1594 textum

46 1621 250 1676 recenseret.
290 1614 418 1679 Adnuit
439 1617 599 1702 Patruus,
629 1630 661 1684 et
685 1621 764 1684 inde
783 1622 825 1686 ab
848 1624 905 1688 illo
928 1634 1073 1715 tempore
1093 1630 1193 1714 pluri·

45 1731 140 1772 mum
164 1724 281 1796 operae
304 1714 338 1775 in
360 1715 565 1779 restituenda
591 1720 737 1802 genuina
762 1723 865 1806 patris
893 1722 1122 1789 historicorum
1145 1728 1192 1789 di-

44 1810 161 1871 ctione
183 1814 394 1897 consumpsit.
419 1813 528 1893 Quum
551 1824 660 1880 autem
679 1817 769 1881 nullo
790 1819 886 1883 modo
908 1823 939 1884 ei
961 1824 1192 1887 satisfacerent

44 1929 105 1988 ea,
127 1928 213 1991 quae
235 1908 278 1972 ad
299 1908 383 1972 illud
404 1931 508 1996 usque
535 1920 663 1999 tempus
686 1912 728 1976 de
753 1912 893 1980 dialecto
920 1916 1033 1982 Ionica
1055 1923 1191 2006 scripse·

43 2013 124 2068 rant
147 2005 213 2068 viri
232 2006 335 2087 docti,
358 2007 443 2070 hanc
464 2030 533 2070 rem
556 2011 741 2072 accuratius
762 2012 1027 2098 investigandam
1042 2019 1190 2105 sibipro-

42 2105 170 2189 posuit.
215 2103 281 2166 Sed
305 2104 379 2188 ipsa
399 2105 480 2169 haec
501 2105 670 2170 scrutandi
692 2106 874 2192 subtilitas,
901 2133 967 2196 qua
986 2118 1190 2201 unumquod-

43 2224 112 2287 que
136 2203 190 2266 vel
209 2204 379 2265 minimum
400 2205 435 2266 in
456 2226 531 2268 acre
549 2204 712 2289 judicium
735 2207 892 2291 vocabat,
908 2218 940 2272 et
963 2221 1080 2275 auctus
1098 2236 1137 2277 ea
1154 2238 1189 2278 re

41 2301 151 2364 totius
171 2303 278 2385 operis
300 2301 443 2365 ambitus
466 2324 586 2366 causae
612 2312 721 2385 erant,
751 2304 839 2387 quod
865 2307 991 2370 tamdiu
1018 2312 1190 2394 promissis

41 2421 114 2463 non
145 2398 270 2481 stabat,
303 2399 391 2485 quod
430 2400 579 2483 tandem,
612 2399 668 2463 illo
699 2422 797 2484 opere
824 2402 997 2483 ⁴etiamtum
1020 2416 1188 2491 occupato,

40 2520 135 2562 mors
158 2498 274 2562 invida
299 2499 455 2586 obrepsit.
501 2499 580 2564 Tria
606 2499 664 2562 illa
693 2499 873 2587 specimina
898 2503 1125 2585 quaestionum
1148 2506 1189 2568 de

40 2597 189 2661 dialecto
206 2596 367 2662 Herodoti
387 2598 580 2663 documento
603 2598 698 2662 nobis
719 2606 814 2679 sunt,
837 2608 995 2683 quantum
1024 2602 1127 2666 studii
1156 2613 1189 2667 et

39 2697 208 2759 acuminis
228 2699 263 2760 in
281 2697 366 2761 hanc
385 2721 454 2762 rem
486 2699 675 2780 contulerit,
706 2707 739 2760 et
767 2706 967 2782 quantopere
995 2692 1105 2765 dolere
1133 2703 1187 2767 de-

38 2794 199 2875 beamus,
221 2816 287 2858 non
309 2795 352 2859 ad
373 2796 472 2858 finem
500 2795 696 2883 perduxisse
725 2816 799 2858 eum
826 2796 990 2859 inchoata.
1019 2798 1062 2861 A.
1093 2802 1185 2864 1828.

39 2892 169 2979 prodiit
188 2892 373 2978 disquisitio
401 2893 472 2979 ejus
501 2895 541 2957 de
568 2914 668 2957 versu
698 2892 902 2956 Graecorum
931 2894 1081 2978 politico,
1112 2918 1186 2960 con-

32 2993 160 3076 juncta
181 3012 254 3053 cum
278 3013 417 3055 censura
439 2991 638 3055 novissimae
660 2989 815 3053 editionis
833 2986 1020 3085 Chiliadum
1042 2991 1185 3073 Tzetzis‚

38 3112 60 3152 a
84 3087 276 3173 *Theophilo
305 3088 510 3173 Kiesslingio
541 3094 687 3172 paratae.
732 3086 806 3166 Qua
828 3088 863 3149 in
888 3088 1079 3171 scriptione,
1101 3110 1185 3174 quae

36 3189 134 3274 typis
170 3185 335 3269 descripta
366 3194 416 3248 est
448 3187 483 3248 in
512 3183 666 3248 Seebodii
699 3184 794 3248 Nova
824 3183 1031 3248 Bibliotheca
1062 3186 1186 3250 Oritica

40 3287 139 3350 1827.
162 3283 223 3347 No.
246 3286 317 3346 311.
339 3289 370 3366 4,
394 3285 519 3368 primus
545 3282 714 3365 difficilem
742 3283 828 3347 hanc
853 3285 901 3347 rei
928 3287 1084 3348 metricae
1112 3306 1184 3370 par-

35 3396 109 3448 tem
131 3378 258 3466 tetigit,
280 3389 313 3444 et
332 3402 529 3467 quamquam
550 3402 629 3444 sane
651 3389 766 3467 postea
787 3380 844 3445 alii
866 3379 996 3465 longius
1017 3383 1184 3467 progressi

38 3489 122 3546 sunt
144 3482 179 3544 in
200 3480 251 3544 his
273 3478 489 3564 indagandis,
509 3487 620 3561 tamen
642 3479 813 3543 fatendum
840 3489 906 3562 est,
932 3479 1100 3544 Struvium
1118 3482 1183 3566 pri-

37 3601 113 3644 mas
138 3599 259 3662 easque
286 3578 487 3641 certissimas
509 3576 625 3642 horum
645 3600 801 3643 versuum
818 3578 910 3661 leges
933 3576 1115 3659 indicasse3
1139 3578 1182 3641 cf.

37 3679 80 3741 lt.
106 3675 146 3739 1.-
168 3673 207 3737 F.
234 3672 462 3755 Henrichsen,
496 3673 608 3737 Ueber
640 3673 693 3737 die
728 3682 954 3757 sogenannten
987 3673 1183 3757 politischen

35 3776 147 3839 Verse
167 3774 224 3837 bei
250 3773 313 3837 den
336 3771 512 3835 Griechen.
554 3773 625 3834 Aus
649 3772 724 3834 dem
745 3770 939 3834 Danisehen
961 3768 1130 3833 ubersetzt
1149 3793 1181 3835 v.

36 3875 77 3937 P.
101 3871 345 3936 Friedriohsen.
369 3870 511 3957 Leipzig
532 3871 623 3933 1839.
647 3892 679 3954 p.
703 3872 755 3932 50.

127 4028 242 4112 Neque
261 4035 370 4089 tamen
392 4025 524 4092 Struvio
551 4025 586 4089 id
611 4023 853 4103 satisfaciebat,
881 4029 917 4083 111
939 4043 995 4104 ea,
1021 4022 1111 4106 quae
1133 4023 1182 4085 in-

34 4128 179 4211 daganti
199 4147 234 4188 se
257 4123 459 4205 obtulerant,
484 4144 557 4187 cum
581 4121 660 4186 solis
683 4122 765 4185 viris
785 4119 890 4183 doctis
917 4121 1180 4200 communicaret,

28 4225 99 4290 sed
121 4223 255 4288 volebat
279 4224 378 4286 etiam
408 4221 451 4284 ad
479 4242 590 4285 omnes
619 4219 766 4305 liberalis
794 4217 920 4300 ingenii
950 4215 1097 4279 homines
1125 4215 1181 4277 ali-

35 4344 139 4410 quam
160 4320 277 4384 harum
299 4342 408 4383 rerum
431 4320 581 4382 notitiam
603 4317 792 4402 pervenire,
815 4321 851 4376 ut
874 4312 1046 4395 divulgata
1060 4310 1181 4375 studio-

34 4443 110 4486 rum
141 4420 347 4505 antiquitatis
377 4418 563 4501 cognitione
592 4424 767 4500 augeretur
796 4412 963 4474 literarum
996 4418 1181 4474 nostrarum

125 4538 268 4595 arsura,
297 4536 412 4580 orusc.
437 4536 504 4577 8111.
532 4529 554 4576 1.
958 4528 976 4570 6
