2884 5184
235 436 276 500 38
562 442 748 504 οσιεστοο
774 440 1036 490 surrusuus.

237 623 418 703 Lugendum
443 640 511 680 esse
539 614 572 677 έν
596 615 784 695 τείχεσσιν
810 624 842 677 et
861 636 912 677 res
934 616 1003 695 ipsu
1025 613 1130 688 docet,
1162 624 1194 675 et
1212 616 1388 675 confirmet

236 746 308 787 mox
329 724 462 802 Quintus
483 741 513 778 v.
533 716 605 778 385.

402 813 442 893 ὥς
462 809 522 898 σῖγ’
545 815 578 878 έν
596 816 758 896 τείχεσσι
778 813 869 895 μένον
886 813 1054 898 τρομέοντες
1072 809 1206 896 δμοκλην

403 916 526 1000 δνςμενέ
569 963 577 979 .

239 1025 303 1089 Sed
325 1028 357 1088 in
376 1028 445 1107 ipsa
465 1022 708 1101 comparatione,
731 1038 811 1100 quse
832 1019 995 1097 interjectu
1016 1029 1078 1094 est,
1099 1041 1129 1078 v.
1152 1018 1224 1079 379.
1248 1040 1323 1101 sqq.

406 1116 446 1197 ὡς
467 1112 555 1183 δ’ὅτε
574 1121 771 1201 μηλοβοτῆρες
792 1115 836 1179 {vl
857 1123 1016 1197 σταθμοῖσι
1036 1117 1146 1199 μένωσι

407 1224 535 1285 λαίλαπα
555 1219 699 1300 κυανέην,
721 1212 769 1281 διε
789 1218 922 1299 χείματος
938 1206 1019 1301 ἦμαρ
1042 1219 1142 1299 ῖκηται

406 1318 519 1406 λάβρον
534 1316 615 1404 ,ὁμοῦ
636 1323 793 1407 στεροκῇσι
815 1319 866 1382 καὶ
889 1313 976 1382 ὕδατι
997 1320 1048 1382 καί
1070 1319 1247 1400 νεφέεσσι

406 1424 566 1508 ταρφέσιν,

240 1533 339 1594 nubes
366 1531 426 1591 hue
451 1527 566 1590 densae
591 1536 661 1608 pest
684 1526 807 1605 fulgura
834 1535 864 1585 et
891 1525 1003 1586 imbres
1028 1525 1111 1585 hund
1137 1547 1212 1586 sune
1233 1527 1388 1607 placent3

240 1634 392 1714 placeret,
415 1633 441 1692 si
463 1652 502 1691 ex
524 1629 655 1690 nubibus
679 1630 791 1688 emissa
812 1627 934 1704 fulgura
957 1626 1082 1686 diceret.
1128 1627 1192 1688 Sed
1212 1629 1291 1688 mihi
1316 1631 1385 1710 qui·

243 1734 312 1793 dem
339 1734 395 1792 vix
421 1729 620 1791 dubitandum
648 1729 785 1802 videtur,
814 1728 974 1808 scripsisse
1001 1734 1141 1808 poetam:
1169 1721 1388 1804 νιφάδεσσι

242 1829 393 1912 ταρφέσιν.
430 1832 543 1891 Nivem
564 1840 702 1911 tempore
723 1828 852 1890 hiberno
873 1849 935 1889 uus
960 1849 1027 1888 eum
1044 1828 1141 1889 imbre
1158 1839 1188 1890 et
1202 1831 1388 1911 fulguribus

242 1936 434 2012 ingruentem
456 1933 542 1992 novit
563 1933 629 2011 jam
647 1932 802 1991 Homerus
830 1931 868 1990 Il.
900 1928 954 2004 10,
984 1927 1091 2011 5sqq.
1135 1931 1228 2012 Ipsae
1256 1927 1389 2010 νιφάδες

243 2035 343 2096 eidem
356 2030 494 2114 ταρφειαὶ
508 2034 663 2105 dicuntur,
686 2032 726 2091 Il.
751 2029 806 2106 12,
831 2030 901 2092 158.
927 2029 981 2105 19,
1004 2028 1076 2090 357.
1111 2032 1184 2092 Jam
1199 2035 1273 2094 sive
1292 2036 1389 2096 fuerit

242 2157 358 2215 ταρφης
379 2156 516 2218 quoque,
538 2134 621 2217 quod
640 2135 745 2195 lexicu
765 2133 895 2208 hubent,
917 2132 1126 2204 nesciuunde
1148 2134 1255 2213 (etiam
1274 2136 1388 2219 Stepb.

234 2230 340 2298 Thes.
368 2237 437 2297 Iud.
465 2238 501 2297 P.
530 2234 559 2296 2.
595 2258 625 2316 p.
651 2234 727 2309 103,
750 2234 787 2293 F.
818 2235 883 2294 sine
911 2233 1123 2314 auctoritate),
1151 2236 1218 2296 sive
1249 2239 1388 2300 aliorum

245 2339 454 2419 exemplorum
476 2339 650 2416 analogiam
669 2345 792 2397 secutus
812 2337 852 2396 sit
871 2342 981 2416 poete,
1004 2332 1128 2416 ταρφέες
1141 2328 1271 2412 νιφάδες
1296 2340 1389 2413 dixit,

242 2449 277 2500 ut
296 2441 362 2513 bie,
384 2441 429 2501 sie
450 2437 486 2512 9,
509 2436 560 2497 72.

422 2563 425 2567 ’
518 2530 744 2614 νιφάδεσσιν
764 2528 904 2616 έοικότες,
926 2534 964 2596 αῖ
979 2557 1009 2598 τε
1030 2534 1170 2616 στέρονται

405 2636 569 2719 ’ταρφέες
590 2634 623 2698 έκ
645 2633 768 2716 νεφέων.

244 2739 296 2799 Ad
319 2741 400 2800 hune
425 2741 552 2800 aliorum
573 2741 781 2820 exemplorum
804 2739 978 2818 analogiam
997 2739 1233 2800 confirmandam
1256 2754 1390 2822 praeter

244 2839 403 2900 notissima
421 2841 476 2900 illa
496 2841 638 2922 exempla
660 2830 734 2918 ἡδέες
758 2827 858 2917 άϋτμή
879 2838 937 2905 Od.
961 2837 1015 2915 12,
1044 2838 1117 2901 369.
1139 2851 1169 2901 et
1190 2842 1274 2916 alia,
1305 2866 1388 2926 quae
1418 2868 1419 2873 ¹

243 2940 351 3001 laudet
368 2941 476 3002 Metth.
501 2942 555 3004 Gr.
579 2941 632 3003 Gr.
657 2940 687 3018 ᾗ.
711 2940 771 3001 119
792 2942 813 3001 b
835 2961 905 3001 ann.
928 2940 974 3015 4.,
1004 2941 1099 3001 effero
1120 2937 1256 3022 τραχέσιν
1279 2934 1388 3017 άκταῖς

246 3039 356 3103 Oreus.
378 3041 489 3123 Sibyll.
515 3043 547 3117 1,
570 3041 641 3103 322.
664 3040 780 3124 τρηχέες
800 3030 891 3119 ὄχθαι
907 3042 990 3134 Πτίδ.
1009 3041 1044 3116 3,
1068 3042 1139 3103 776.
1176 3044 1317 3122 Insignis
1341 3058 1386 3108 est

244 3144 450 3203 inconstantia
478 3146 510 3203 in
537 3147 738 3226 Hippocrate.
781 3144 819 3202 In
847 3142 940 3204 Oeae.
966 3144 1110 3204 Praenot.
1134 3145 1173 3203 Τ.
1193 3145 1220 3203 Ι.
1246 3167 1283 3225 p.
1311 3146 1385 3208 543.
1417 3180 1418 3187 .

244 3240 335 3301 Lind.
362 3241 474 3321 legitur
498 3243 533 3303 αῖ
558 3235 606 3304 ἐστ’
634 3233 735 3323 ὀλίγον
759 3239 885 3324 θρασέες
911 3238 1146 3325 παρακροάσιες,
1176 3247 1261 3328 quod
1292 3250 1386 3309 etiem

243 3341 374 3400 Foesius
401 3341 504 3403 babet.
549 3341 613 3404 Sed
639 3345 671 3402 in
694 3343 803 3405 eodem
825 3346 903 3405 libro
930 3368 961 3426 p.
981 3344 1053 3406 534.
1082 3347 1114 3406 in
1136 3346 1246 3407 iisdem
1278 3350 1385 3411 verbis

244 3443 384 3520 θρασεῖαι
404 3442 498 3503 habet
511 3443 698 3521 Lindenius,
720 3465 843 3520 verum,
866 3467 934 3507 eum
951 3448 1081 3508 Fessius
1105 3449 1196 3508 etiam
1217 3450 1270 3509 hie
1293 3471 1384 3531 prae-

244 3541 317 3602 beat
343 3540 482 3621 θρασέες,
511 3555 680 3606 correctum
710 3566 730 3605 a
753 3546 906 3608 Lindenio
929 3549 1060 3609 videtur.
1104 3549 1147 3609 At
1169 3551 1201 3609 in
1221 3550 1385 3613 Prorrhet.

244 3643 313 3704 Lib.
333 3645 358 3704 I.
385 3667 417 3726 p.
439 3645 511 3706 473.
542 3646 624 3707 edite
645 3648 843 3727 Hippocratis
873 3650 1063 3730 exemplaria
1089 3671 1152 3712 unu
1175 3671 1242 3712 cunr
1267 3651 1385 3714 Geleni

245 3745 429 3806 editionibus
453 3746 526 3806 Ald.
560 3757 590 3807 et
617 3749 713 3810 Besil.
738 3750 878 3829 θρασεῖαι
900 3750 1055 3812 exhibent.
1106 3751 1171 3812 sed
1197 3761 1261 3812 tres
1291 3754 1384 3814 codd.

244 3845 327 3927 apud
336 3848 429 3907 Foes.
444 3838 533 3906 αίέιι’
551 3837 653 3926 ὀλίγον
662 3842 778 3930 θράσος
788 3844 1013 3930 καρακροάσιες,
1028 3852 1111 3934 quod
1122 3853 1215 3912 fusile
1227 3873 1244 3913 e
1254 3851 1386 3933 θρασέες

244 3949 370 4007 exstitit.
391 3947 589 4027 Adjeetivum
604 3951 685 4010 enim
699 3950 806 4032 utique
819 3951 944 4031 requiri,
959 3961 1107 4012 monstret
1118 3953 1171 4012 vel
1182 3962 1302 4013 mutata
1313 3976 1383 4016 uru-

242 4048 286 4106 tio
297 4049 329 4106 in
340 4049 495 4109 Prorrbet.
507 4050 560 4111 lib.
576 4052 603 4124 1,
615 4047 727 4131 p.482.
740 4040 776 4111 τά
787 4040 830 4111 δεῖ
845 4042 946 4129 ὀλίγον
956 4049 1092 4131 θρασέως
1101 4049 1347 4133 καρακροάοντα.
1414 4048 1415 4075 ¹

242 4168 273 4207 v.
295 4146 367 4208 408.
403 4152 475 4227 γηῖα
495 4146 535 4211 δέ
546 4149 579 4211 οῖ
595 4150 660 4211 λίπε
679 4142 795 4229 θυμός·
819 4146 960 4230 έττέβραχε
982 4142 1011 4211 δ’
1035 4151 1118 4214 ἔντεα
1139 4157 1296 4236 νεκροῦ.

242 4248 385 4308 Praestet
413 4255 542 4332 νεκρρῖ.
561 4283 604 4295 —
628 4272 659 4311 v.
680 4249 754 4313 430.
781 4272 838 4332 pro
867 4240 1034 4330 οὐρανοῦ
1065 4246 1280 4314 έκκατιδάν
1307 4258 1381 4338 lege

241 4353 294 4406 eut
315 4338 484 4428 οὖρανοῦ
512 4347 551 4411 έκ
578 4346 756 4431 κατιδών,
784 4362 837 4414 eut
859 4353 942 4434 quod
962 4355 1121 4433 praefero,
1151 4343 1381 4433 οὐρανόθεν

243 4442 418 4507 κατιδεῖν.

1289 4979 1293 4985 ’
1408 4986 1412 5123 l
