2884 5184
367 412 479 462 arun
501 410 798 460 nsorsnrrorr.
1096 392 1156 454 139

58 593 98 653 het.
111 625 143 634 -
158 590 197 648 Ar
219 586 268 649 ed.
294 587 319 647 (l
340 609 402 648 non
423 569 522 647 solnm
537 586 667 647 alterum
682 573 830 662 aladardo
844 586 963 659 omittit,
986 587 1042 646 sed
1065 588 1156 647 etiam

57 694 121 753 rubo
136 682 187 751 oda
207 687 283 761 iove,
306 697 369 748 tum
388 687 546 748 confirmat
565 678 610 747 brt
632 672 695 748 οὖν.
727 686 855 747 cellarii
874 688 1157 768 interpretationem

56 796 128 854 homn
145 791 304 851 verborum
332 809 393 849 non
418 790 620 863 transscribo,
649 788 682 848 id
709 788 808 847 solum
831 807 957 848 monere
984 797 1156 864 contentus,

56 916 100 954 sun
114 894 199 953 verba
215 886 286 970 aspi
306 878 366 971 γὰρ
387 885 493 949 τούτου
514 885 571 951 oria
592 888 653 952 ἔστι
673 881 799 968 πότερον
824 876 912 959 αὐτὸς
936 885 1090 964 αἴσθοιτο,
1112 891 1182 950 sic·

55 994 200 1066 reddidisse,
223 996 280 1065 „dc
302 994 355 1051 hoc
374 996 446 1050 enin
466 1011 521 1052 non
542 1001 583 1051 cst
602 999 713 1066 notum,
734 998 828 1050 aerum
844 994 904 1067 ipre
919 994 1049 1061 radat&
1067 1012 1158 1072 quam

53 1097 197 1155 sententiam
218 1093 314 1154 facile
336 1092 496 1166 restituas,
518 1093 545 1152 si
573 1092 746 1153 rescribere
772 1092 851 1152 velis
879 1087 947 1170 aspi
970 1079 1029 1171 γὰρ
1052 1082 1158 1151 τούτου

53 1187 91 1255 sis
105 1194 193 1273 ἴσμεν,
212 1186 341 1274 πότερον
361 1215 391 1253 κ.
409 1197 483 1253 at,
527 1193 592 1255 Sed
615 1193 653 1253 de
675 1193 725 1253 his
746 1192 919 1255 videbimus
941 1202 1060 1273 postea.
1105 1193 1156 1253 In·
1270 1238 1285 1262 ,

51 1298 210 1376 depredatio,
242 1316 325 1377 quae
356 1296 514 1357 veteribus
549 1293 735 1355 editionibus
766 1295 871 1360 addita
905 1302 967 1367 est,
1004 1295 1063 1354 hoc
1089 1295 1158 1356 loco

51 1398 104 1456 nihil
117 1418 167 1458 nos
182 1400 292 1477 juvat3
314 1416 352 1457 ea
385 1399 466 1458 enim
495 1393 630 1455 verbnm
655 1395 752 1456 verbo
781 1394 916 1456 reddens
943 1396 1022 1455 haec
1048 1395 1157 1461 habet:

50 1501 108 1567 ,dioc
124 1504 189 1557 caia
210 1520 268 1559 non
294 1507 344 1570 est,
363 1507 456 1559 utrsm
475 1503 536 1575 pasc
555 1497 686 1556 sentiat.“
731 1496 795 1558 Sed
809 1495 935 1557 verbum
949 1487 1061 1576 ἡγίασε,
1077 1498 1160 1580 quod

53 1598 170 1659 dellarins
196 1605 382 1675 sanctficavit
408 1601 576 1681 expressit,
613 1598 652 1659 ab
682 1600 821 1659 omnibus
848 1597 986 1660 redditur
1013 1602 1161 1660 obtestato
1271 1619 1274 1627 ¹

51 1709 87 1772 st,
107 1710 179 1760 certo
205 1701 338 1775 indicio,
367 1702 460 1761 aliam
487 1720 596 1761 vocem
623 1699 696 1760 olim
721 1701 773 1762 hic
799 1702 911 1762 lectam
938 1701 1048 1776 fuisse,
1077 1703 1160 1783 quod

52 1802 209 1863 adfirmatur
230 1803 373 1864 ductibus
393 1803 567 1877 literarum,
597 1823 673 1883 qnos
694 1823 735 1863 ex
757 1801 830 1863 edit.
857 1801 888 1861 Α
915 1823 1008 1884 snpra
1032 1808 1161 1886 apposui

51 1901 127 1981 hegre
155 1925 227 1966 vero
264 1925 402 1965 caremus
438 1904 573 1968 editione
597 1902 719 1964 Graeca
745 1903 948 1979 Poemandri,
978 1926 997 1964 a
1023 1906 1159 1968 Patricio

55 2015 138 2065 sunu.
179 2005 376 2087 Quamquam
398 2008 480 2066 enim
489 2006 668 2079 Fabricius,
690 2008 743 2086 qui
767 2008 799 2065 in
820 2004 960 2066 biblioth.
978 2007 1090 2068 Graec.
1106 2009 1160 2069 lib.

52 2103 69 2160 l.
86 2126 138 2185 cap.
160 2108 188 2166 7.
213 2108 342 2187 plenum
370 2107 512 2168 editionis
539 2107 737 2167 Patricianae
764 2125 925 2165 recensum
952 2105 1053 2180 dedit,
1081 2109 1159 2168 indi-

54 2222 104 2263 cans
118 2208 214 2282 simul,
239 2230 281 2270 ex
313 2211 423 2291 quibus
454 2208 654 2289 scriptoribus
681 2206 854 2284 fragmenta
883 2225 1025 2289 quaeque
1050 2208 1160 2268 hausta

53 2302 107 2377 sint,
133 2307 191 2367 loci
219 2311 319 2369 nostri
348 2310 544 2370 Lactantiani
579 2309 722 2390 nuspiam
750 2307 901 2378 meminit,
936 2326 1026 2386 quem
1058 2309 1161 2388 potius

53 2401 104 2461 bid.
122 2427 183 2486 cap.
206 2407 236 2467 8.
264 2408 295 2483 ἓ.
319 2410 346 2468 1.
369 2410 410 2468 ad
427 2411 583 2470 Hermetis
606 2408 799 2489 deperditum
827 2428 920 2489 opus,
942 2407 1025 2490 quod
1050 2409 1159 2470 Ascle-

52 2502 100 2580 pius
119 2507 293 2588 inscriptum
314 2508 385 2582 fuit,
407 2519 437 2571 et
455 2512 568 2572 Latine
589 2531 671 2571 nune
694 2521 812 2571 tantum
834 2519 945 2585 exstat,
965 2510 1161 2572 referendum

53 2620 101 2663 esse
120 2605 317 2681 demonstrat,
349 2630 412 2668 non
446 2611 525 2672 levis
554 2622 657 2673 tamen
690 2613 765 2672 mihi
796 2613 929 2692 suspicio
964 2614 1072 2674 oborta
1105 2624 1161 2690 est,

52 2700 187 2767 Patricium
206 2710 310 2769 locum
332 2709 413 2768 hunc
433 2711 589 2773 Lactantii
610 2712 651 2772 ad
669 2713 780 2775 librum
800 2702 876 2775 XX.
897 2718 1050 2791 retulisse,
1067 2726 1161 2798 atque

53 2824 102 2865 esse
124 2828 189 2869 eum
211 2810 344 2869 alterurn
379 2830 484 2870 eorum
516 2812 667 2889 locorum,
703 2835 831 2897 quorum
864 2815 969 2875 sedem
1000 2817 1161 2877 Fabricius

53 2901 115 2985 (ρας.
133 2909 180 2970 61.
200 2911 275 2973 edit.
291 2911 415 2971 Harles.
442 2916 518 2971 locus
548 2920 657 2989 qualus
679 2951 690 2961 -
713 2951 724 2961 -
748 2952 758 2961 -
782 2925 909 2975 sextus-
934 2950 945 2959 ·
966 2916 997 2994 ·)
1026 2939 1089 2977 non
1115 2920 1161 2978 in-

53 3010 192 3088 vestigasse
219 3012 353 3073 videtur.
399 3012 604 3091 Oonjecturae
632 3018 723 3094 hujus
752 3036 876 3077 causam
903 3026 1013 3096 postes
1042 3021 1160 3098 aperie·

53 3124 106 3168 dus.
143 3114 259 3175 Verum
275 3134 337 3173 non
358 3115 616 3193 praetereundum
638 3126 700 3190 est,
722 3117 838 3178 habere
864 3139 921 3178 nos
947 3119 1039 3198 hujus
1066 3121 1163 3201 ipsius
1194 3156 1196 3159 ·

53 3205 95 3267 loci
115 3221 173 3274 tres
201 3216 346 3295 antiquas
365 3215 494 3276 Latinas
527 3217 806 3297 interpretationes·
849 3219 953 3279 Prima
987 3230 1034 3282 est
1066 3222 1164 3303 ipsius

52 3306 180 3374 baruntii
201 3318 237 3375 in
263 3315 385 3396 epitom.
403 3316 443 3374 ad
463 3316 647 3377 Pentadium
670 3339 738 3398 cap.
760 3315 812 3376 42.
835 3317 866 3395 ξ.
887 3319 917 3379 5.
960 3325 1112 3395 ,Dominus
1139 3333 1166 3383 et

50 3409 120 3478 sutor
137 3422 337 3489 reversorum,
358 3434 439 3491 quem
457 3420 538 3477 deam
559 3424 655 3477 vocari
672 3423 901 3495 messuerimus,
922 3428 1073 3482 secandum
1096 3427 1169 3497 fecit.

52 3510 111 3568 dum
129 3520 257 3578 anatem
279 3526 306 3577 et
325 3521 487 3578 sensibilem.
532 3519 693 3577 sensibilem
711 3530 802 3580 uatem
823 3523 900 3592 daco,
925 3542 981 3580 aon
1006 3527 1081 3597 quod
1104 3530 1165 3599 ipse

51 3625 136 3673 tedam
154 3624 290 3694 compat,
320 3622 371 3677 sed
397 3622 471 3694 qrrod
496 3624 658 3678 insensum
682 3626 770 3680 mittut
799 3630 825 3680 et
851 3625 946 3679 enam.
992 3622 1081 3689 Οιιιιω
1098 3641 1165 3697 erpo

51 3709 105 3770 lude
121 3719 232 3789 fecisset
241 3725 366 3795 primam
389 3728 416 3779 et
435 3724 523 3780 solam
542 3731 569 3779 et
590 3740 689 3794 unum,
703 3726 822 3796 optimus
839 3725 866 3779 ei
880 3725 1029 3796 apparuit,
1056 3731 1082 3779 et
1101 3725 1164 3796 ple-

51 3816 152 3877 ldthrar
171 3827 291 3881 omnam
312 3824 474 3906 honoratusfl
520 3820 599 3893 Sed,
619 3823 702 3902 quod
724 3820 896 3881 dolendum·
912 3828 974 3893 est,
997 3830 1032 3880 ut
1061 3829 1165 3881 cetera

53 3917 129 3976 onnia
150 3922 180 3981 in
201 3923 260 3982 hac
281 3924 414 4003 epitome
444 3924 537 3983 etiam
557 3923 639 3982 hunc
664 3922 765 3982 locum
791 3924 824 3982 in
849 3923 973 3983 brevius
997 3923 1164 3994 contraxit,

51 4018 154 4079 utnihil
173 4022 245 4086 inde
266 4024 475 4105 proficiamus,
502 4044 593 4105 quam
614 4020 676 4083 daei
696 4032 769 4088 ante
792 4013 846 4082 τὸν
871 4017 1007 4100 δεύτερον
1027 4044 1089 4085 non
1111 4045 1163 4105 ap·

52 4113 150 4195 Parere,
170 4132 201 4184 et
222 4125 358 4201 inertum
379 4143 445 4201 erpo
470 4127 545 4185 dune
564 4128 676 4201 (soeret
696 4125 880 4205 particulam
908 4125 1062 4184 causalem
1080 4134 1166 4186 recte

52 4213 147 4283 adesse.
191 4225 256 4285 Sed
276 4225 315 4284 de
337 4226 441 4286 verbis
464 4224 633 4305 deploratis
655 4222 723 4304 περὶ
746 4221 778 4285 δὲ
798 4218 903 4285 τούτου
921 4246 950 4285 κ.
972 4246 997 4284 τ.
1023 4227 1049 4282 t.
1072 4233 1103 4285 et
1125 4224 1165 4285 de

53 4313 138 4381 vitioso
158 4318 262 4403 ἡγίασὲ
281 4346 311 4385 τε
328 4327 405 4386 nihil
427 4335 565 4388 statuere
585 4347 766 4406 possumus,
790 4348 858 4387 cnm
883 4344 921 4386 ea
942 4344 1066 4405 prorsus
1089 4327 1163 4385 omi-

53 4416 164 4479 lilit·-
178 4423 320 4490 Secundo
340 4428 410 4489 looo
431 4435 527 4489 totum
549 4428 752 4509 fragmentum
773 4430 885 4490 Latine
908 4447 1032 4491 versum
1059 4436 1161 4492 exstat
