2884 5184
265 425 306 487 80
599 437 800 486 onscons
819 436 1058 484 sternutus

223 636 248 675 ιι
267 612 378 692 Neque
397 613 428 670 in
446 610 537 670 editis
552 610 707 669 Laetantii
728 610 955 690 exemplaribus
976 631 1078 691 neque
1100 612 1132 670 iu
1147 614 1252 691 scripto
1265 622 1374 690 praeter

265 713 341 770 vitia
361 712 596 791 orthographica
618 713 781 792 quiequam
799 712 951 792 reperies,
972 713 1055 792 quod
1071 733 1184 792 operae
1199 714 1314 792 pretium
1326 715 1373 770 sit.

266 811 421 890 Sibyllina
443 814 568 872 oroeula
589 815 656 893 ipse
677 815 721 872 ito
742 814 844 872 losum
866 814 987 872 variant
1008 811 1038 872 8.
1060 835 1091 872 v.
1114 813 1186 873 303.
1209 835 1251 893 sq.

393 911 434 984 εἰς
456 908 488 971 δὲ
507 905 540 974 τὸ
558 914 663 993 βρῶμα
681 904 772 992 χολὴν
791 909 843 972 καὶ
862 916 942 972 πιεῖν
959 908 1026 988 ὄξος
1043 913 1176 989 ἔδωκαν,

394 1016 446 1092 τῆς
467 1010 500 1073 di
519 1014 685 1092 φιλοξενίης
704 1006 813 1091 ταύτης
832 1012 946 1074 τίσουσι
964 1008 1126 1094 τράπεζαν,
1408 1082 1409 1085 ¹

267 1115 350 1196 quod
377 1116 487 1176 saltem
514 1136 575 1174 non
602 1114 710 1174 melius
733 1123 781 1174 est
801 1115 934 1175 lectione
953 1137 972 1175 a
991 1117 1147 1176 Leotontii
1168 1115 1374 1194 exemplaribus

266 1226 399 1278 servato.
445 1215 588 1278 Ceterum
617 1207 650 1275 τὸ
673 1227 745 1276 ante
770 1215 875 1295 βρῶμα
897 1236 1059 1297 operarum
1087 1226 1205 1277 tontum
1226 1217 1329 1274 incutis
1349 1215 1376 1272 in
1407 1266 1409 1325 1

267 1318 424 1399 Opsopeei
443 1317 577 1378 editione
601 1319 754 1379 excidisse
774 1318 916 1396 videtur3
946 1340 1017 1379 nem
1038 1320 1132 1379 editio
1155 1320 1292 1400 princeps
1312 1317 1374 1374 srti-
1407 1330 1409 1385 t

267 1420 368 1479 culum
389 1421 537 1497 agnoseit.
582 1419 730 1480 Galleeus
752 1441 807 1480 suo
832 1441 916 1480 more
938 1441 1072 1481 errorem
1091 1421 1279 1499 propagavit.
1407 1456 1409 1529 q

721 1589 817 1648 rnre.
840 1586 872 1664 §-
894 1585 944 1647 so.
1407 1646 1409 1725 4

354 1735 400 1797 „er
424 1730 480 1783 olio
498 1728 602 1801 Sibylla
622 1730 761 1785 Judaeum
785 1729 829 1785 Ιιίι
855 1729 980 1786 verbus
1007 1729 1137 1800 increpat
1163 1728 1300 1795 (increpet
1324 1737 1375 1778 ser·
1407 1736 1409 1815 η

266 1829 340 1884 eous
359 1825 394 1884 O.
413 1824 480 1903 R.):

396 1915 472 2004 αὕτη
490 1917 548 2006 γὰρ
566 1919 603 1985 σὺ
624 1916 732 2006 ἄφρων
749 1916 801 1986 τὸν
818 1920 873 1987 σὸν
890 1918 965 1987 θεὸν
984 1914 1041 1986 odo
1062 1915 1186 2001 ἐνόησας

394 2020 526 2100 καίξονι’
550 2024 583 2087 ἐν
601 2030 740 2105 θνητοῖσι
759 2024 921 2108 νοήμασιν,
942 2016 1020 2088 ἄλλα
1041 2016 1072 2085 κ’
1092 2014 1244 2093 ἆκᾶνθαις

394 2127 519 2207 doteque
539 2120 675 2211 στεφάνῳ
694 2124 826 2210 φοβερήν
846 2151 876 2190 τε
896 2120 985 2208 χολὴν
1008 2124 1188 2204 ἕκέρασας,“

268 2233 299 2291 in
326 2252 386 2312 que
409 2233 542 2292 lectione
566 2252 670 2292 omnes
690 2230 766 2292 editi
790 2233 981 2312 conspirent,
1011 2237 1134 2311 praeter
1154 2227 1286 2287 leviores
1303 2224 1375 2284 aber-

266 2335 419 2407 rationes,
445 2335 504 2393 nisi
526 2334 609 2414 quod
626 2333 769 2405 παίζοντα
789 2337 929 2413 θνητοῖσι
945 2332 991 2405 Α,
1013 2332 1056 2403 Β,
1080 2328 1115 2388 0.
1135 2328 1175 2388 of.
1199 2328 1334 2405 Sibyllin.
1354 2324 1376 2382 6.

268 2455 298 2492 v.
321 2431 371 2492 22.
395 2454 462 2514 sqq.

395 2525 470 2612 αὐτὴ
488 2527 547 2614 γαρ
568 2528 711 2615 δύσφρων
731 2528 784 2593 τὸν
804 2526 858 2609 σὸν
878 2524 952 2595 θεὸν
973 2521 1029 2593 odn
1049 2523 1172 2608 ἐνόησας

394 2626 525 2708 ααίζοντ’
549 2632 581 2694 ἐν
600 2638 739 2712 θνητοῖσι
758 2629 921 2713 νοήμασιν·
942 2623 1008 2696 ἄλλ’
1032 2622 1080 2691 ἐπ’
1104 2622 1243 2706 ἆκοὶνθης

395 2734 519 2812 ἔστεψας
539 2726 690 2819 στεφάνη),
713 2725 846 2816 φοβερην
868 2732 901 2795 δὲ
918 2726 1010 2813 χολὴν
1031 2731 1189 2811 ἒκὲρασας,

266 2839 317 2898 ubi
339 2825 471 2910 ααίζονι’
496 2834 528 2896 ἒν
546 2839 683 2915 θνητοῖσι
706 2838 744 2897 eb
768 2836 933 2918 Opsopoeo
957 2858 974 2897 e
996 2836 1151 2895 Iseotsntii
1174 2834 1322 2912 scripturo
1339 2851 1374 2888 re·

266 2941 398 3021 positum
418 2936 555 3016 videtur3
581 2960 651 2999 nem
674 2939 821 2999 editionn.
843 2939 875 3013 Ι,
897 2938 931 2996 II
952 2935 1093 2997 πταίονια
1114 2937 1260 3012 θνητοῖσι.
1296 2933 1375 3012 Opso·

267 3043 338 3120 paei
366 3050 529 3120 praetereo
553 3042 632 3101 haee
654 3049 709 3100 ¹est
735 3048 823 3100 note:
852 3039 1051 3114 „Lactantius
1080 3037 1177 3097 refert
1200 3036 1255 3095 lib.
1275 3034 1304 3093 4.
1324 3054 1374 3112 esp.

269 3139 306 3201 18
310 3185 446 3200 ......
469 3142 522 3201 ubi
545 3152 649 3203 noster
675 3142 774 3202 codex
796 3130 855 3221 γὰρ
875 3134 1018 3220 δύσφρων
1039 3163 1066 3205 κ.
1087 3163 1113 3199 κ.
1136 3143 1162 3200 λ.
1196 3140 1272 3199 Mox
1291 3138 1374 3217 plsoot

266 3243 417 3320 scripturo
444 3242 558 3300 veteris
579 3242 749 3314 Leotontii‚
778 3230 853 3302 ἄλλα
875 3230 907 3300 κ’
930 3230 1069 3320 ἆκσὶνθης
1092 3252 1122 3302 et
1141 3261 1235 3301 versu
1254 3235 1374 3321 sequenti

267 3333 399 3420 φοβερήν
416 3360 446 3399 τε
466 3333 555 3418 χολὴν
574 3337 763 3419 ἐκέρασσας.“
786 3343 849 3404 Ubi
873 3363 1033 3423 quemnam
1051 3343 1164 3403 dixerit
1180 3350 1318 3401 veterem
1330 3339 1374 3397 ns·

267 3440 428 3516 otentiu'm,
450 3462 511 3502 non
532 3442 643 3516 video,
664 3464 731 3503 oum
749 3446 809 3504 iam
832 3465 936 3505 omnes
959 3444 1109 3505 editiones
1131 3445 1211 3504 hono
1231 3443 1374 3503 leotionen

266 3555 450 3625 agnoscent:
481 3547 580 3606 minus
603 3566 677 3605 vero
708 3547 799 3606 etiem
826 3547 932 3619 video,
962 3545 1112 3627 quomodo
1139 3547 1217 3606 haee
1245 3545 1374 3623 scriptun
1404 3616 1405 3619 Ἴ

221 3677 248 3717 ⁴5
266 3649 415 3727 praeferri
442 3648 554 3730 possit3
590 3669 657 3727 oum
684 3644 718 3707 si
741 3648 818 3708 illud
843 3663 967 3729 prorsus
996 3647 1143 3707 obsonum
1171 3647 1220 3705 sit.
1273 3642 1374 3703 Oodio'n

265 3751 361 3809 nostri
372 3750 451 3810 haee
466 3758 513 3809 est
528 3750 695 3829 scriptura:
717 3745 1372 3833 aytntopoiooponoondnoykeuoneaollem

264 3851 1041 3929 steenstoiononsueinsnsssakssosceotsqsoot.
1063 3893 1096 3908 ..
1116 3893 1123 3908 .
1142 3848 1329 3927 obobepfls.
1349 3884 1371 3901 .ι

263 3953 547 4033 kepsosoxossne,
575 3952 629 4013 ubi
651 3952 803 4032 quaedam
823 3954 949 4027 literae,
978 3971 1059 4033 oque
1084 3950 1291 4021 madefactae,
1319 3965 1372 4008 oss·

264 4061 410 4127 nueront,
431 4053 462 4112 h.
485 4076 512 4115 e.
777 4086 785 4103 κ
1403 4054 1404 4083 ἒ

392 4174 468 4231 αντη
488 4176 546 4235 γαρ
568 4154 710 4235 δοσφρων
729 4172 782 4215 σον
799 4159 843 4214 θν
865 4175 920 4214 ονκ
942 4168 1064 4231 ενοησας

390 4255 507 4325 scetem
525 4260 650 4333 θνητοιο
672 4270 833 4335 νοημασιν,
853 4258 908 4314 αλλ
930 4274 972 4314 αα
994 4257 1133 4330 ακανθης

389 4364 567 4428 εσιεψας-σσ
588 4400 716 4416 .....
736 4358 868 4438 φοβεοην
886 4402 892 4415 .
912 4401 920 4417 .
943 4399 949 4413 .
975 4403 981 4415 .
1005 4370 1132 4434 κερασας
1153 4355 1266 4432 χοληνε,

264 4468 324 4527 qua
347 4452 379 4508 in
403 4454 570 4530 scripturo,
601 4464 765 4535 antequam
787 4458 824 4518 de
845 4459 955 4518 ceteris
979 4457 1130 4530 dieamus,
1161 4436 1239 4514 bueo
1259 4450 1372 4513 tenenda
1401 4460 1403 4551 ξ

1400 4760 1402 4793 l

1401 4798 1402 4819 l
