2884 5184
368 469 451 516 vm
475 467 552 516 CAR.
574 468 703 516 LUDOV.
728 468 872 517 STRUVE.
1069 464 1071 469 ’
1133 473 1198 520 XLI-

53 638 244 704 milliarium
276 637 379 702 ullum
407 636 598 721 languorem
628 638 709 702 mihi
742 639 872 704 affert.“
927 640 1089 705 Juvenem
1122 643 1192 728 pul-

55 741 165 806 chrum
177 740 438 827 appellaverant,
451 761 549 824 quam
568 738 698 803 laudem
714 742 868 826 egregius
880 742 946 805 oris
958 741 1047 807 color
1069 756 1103 808 et
1117 767 1192 830 gra-

54 851 120 907 tum
142 851 292 906 motuum
322 844 422 907 decus
448 840 654 927 aliquantum
683 840 860 925 augebant.
906 842 980 907 Etsi
1010 846 1191 930 posteriore

55 953 198 1029 tempore
221 942 321 1009 valde
340 965 473 1008 crassus
493 954 579 1026 erat,
602 953 714 1007 tamen
734 942 770 1005 id
789 964 897 1029 neque
923 943 1064 1028 agilitati
1086 971 1191 1034 neque

56 1044 244 1109 dexteritati
262 1045 385 1111 oberat.
431 1044 472 1109 In
493 1043 656 1109 incendiis
674 1043 815 1130 aliisque
835 1045 990 1129 periculis
1010 1049 1191 1136 propcllen-

57 1145 104 1209 dis
126 1145 323 1211 versabatur
344 1148 430 1210 inter
451 1146 590 1232 primos,
614 1154 647 1210 et
670 1147 847 1233 quotannis
870 1147 971 1211 semel
998 1173 1072 1214 curn
1096 1152 1192 1216 disci-

56 1244 138 1333 pulis
161 1249 367 1333 superiorum
385 1248 553 1333 gymnasii
574 1246 730 1312 classium
751 1269 808 1311 rus
826 1255 952 1334 petens,
968 1249 1054 1314 ludis
1080 1274 1192 1316 eorum

58 1358 87 1411 et
106 1350 251 1435 corporis
271 1347 564 1413 exercitationibus
587 1349 747 1413 iuteresse
768 1347 850 1413 nihil
870 1350 1070 1416 morabatur.
1115 1352 1191 1418 Jam

56 1456 177 1512 mature
198 1471 319 1536 corpus
349 1449 585 1531 obduraverat,
618 1458 651 1514 et
675 1451 849 1536 postremis
875 1473 1004 1537 quoque
1024 1453 1113 1517 vitae
1136 1477 1192 1520 an-

58 1550 105 1613 nis
126 1550 172 1612 ita
200 1572 222 1613 a
250 1549 453 1615 mollioribus
482 1552 690 1615 vestimentis
717 1550 932 1633 abhorrebat,
961 1560 997 1616 ut
1024 1574 1192 1641 nunquam

58 1649 247 1715 habiliorem
276 1661 404 1718 vestem
440 1652 544 1735 domi,
578 1675 747 1739 nunquam
777 1661 903 1717 vestem
934 1650 1107 1739 pelliceam
1139 1655 1192 1719 vel

58 1749 186 1835 pallium
209 1752 293 1817 foris
315 1754 477 1818 indueret.
521 1754 712 1820 Accedebat
739 1754 782 1817 ad
810 1754 1006 1840 dignitatem
1035 1764 1191 1820 externae

57 1853 174 1919 formae
198 1878 268 1921 vox
286 1855 384 1943 plena
407 1877 446 1919 ac
467 1875 603 1937 sonora,
626 1856 713 1919 unde
734 1864 893 1944 quantum
913 1856 1040 1921 decoris
1052 1856 1190 1923 affluxe-

59 1955 99 2018 rit
119 1957 325 2022 orationibus
349 1957 432 2041 ejus,
456 1979 568 2020 omnes
592 1956 713 2039 sciunt,
743 1957 863 2045 quibus
885 1958 1001 2023 audire
1027 1959 1190 2025 dicentem

59 2056 197 2142 contigit.
227 2058 282 2129 ,Si
303 2058 406 2122 animi
427 2057 570 2129 indolem
593 2057 868 2145 contemplamur,
895 2060 1072 2145 conjuncta
1091 2059 1126 2123 in
1152 2082 1190 2124 eo

60 2166 123 2222 erat
153 2183 229 2224 cum
258 2159 446 2245 insignibus
479 2160 607 2244 ingenii
639 2154 789 2242 dotibus,
823 2160 942 2246 quibus
976 2158 1074 2224 facile
1105 2161 1191 2224 inter

63 2259 205 2345 aequales
230 2261 411 2343 eminebat,
434 2262 519 2324 mira
541 2259 702 2347 quaedam
725 2262 905 2344 modestia,
934 2272 967 2325 et
988 2270 1025 2324 ut
1051 2260 1191 2324 libenter

61 2361 167 2426 merita
188 2366 338 2428 virorum
357 2363 553 2426 eximiorum
574 2360 807 2448 praedicabat,
827 2363 873 2425 ita
895 2383 956 2425 sua
975 2361 1093 2424 merita
1105 2381 1192 2424 vana

57 2456 229 2540 jactatione
251 2463 366 2528 efferre
385 2462 497 2550 pusilli
516 2463 644 2548 ingenii
658 2486 730 2527 esse
748 2462 898 2549 putabat.
945 2462 1102 2526 Severum
1112 2482 1191 2525 vero

61 2568 91 2621 et
110 2582 215 2627 aorem
234 2563 382 2650 judicem
405 2545 517 2629 eorum
538 2588 572 2628 se
595 2564 784 2647 exhibebat,
798 2566 854 2652 qui
875 2564 1002 2650 ingenii
1019 2563 1191 2649 penuriam

63 2666 242 2748 arrogantia
260 2687 300 2728 ac
320 2664 482 2752 superbia
488 2664 600 2730 velare
612 2664 797 2731 studebant.
844 2667 927 2731 Fere
940 2688 1069 2751 semper
1081 2686 1191 2728 amore

63 2770 91 2824 et
109 2762 168 2829 fide
190 2766 392 2852 collegarum
417 2767 601 2851 gaudebat,
625 2789 749 2852 neque,
774 2768 802 2831 si
835 2768 966 2853 quando
994 2769 1030 2831 in
1055 2789 1190 2830 munere

65 2867 199 2930 severius
224 2866 424 2953 loquendum
447 2870 477 2932 ei
499 2875 586 2948 erat,
608 2865 677 2930 ulla
697 2889 842 2953 unquam
863 2868 962 2952 hujus
991 2868 1039 2930 rei
1064 2868 1100 2930 in
1121 2867 1192 2930 vita

64 2965 180 3047 privata
209 2970 484 3034 commemoratio.
536 2966 713 3053 Nunquam
741 2990 784 3030 ex
812 2967 983 3032 iracundia
1012 2966 1192 3053 quidquam

65 3080 240 3153 supererat,
260 3069 319 3134 sed
335 3069 476 3135 libenter
496 3066 796 3132 reconciliationem
813 3068 1047 3153 quaerentibus
1059 3087 1192 3129 manum

64 3164 235 3235 obferebat.
279 3169 371 3234 Nihil
392 3170 561 3233 molestius
585 3168 728 3251 ferebat,
755 3191 854 3256 quam
874 3168 1022 3233 homines
1049 3165 1192 3230 insolen-

65 3272 123 3349 tes,
143 3282 298 3357 proterva
319 3270 433 3355 lingua
452 3270 492 3333 de
511 3269 630 3352 rebus,
653 3292 736 3357 quas
757 3270 823 3357 ipsi
850 3292 916 3335 non
941 3278 1117 3351 noverant,
1138 3269 1191 3354 ju-

65 3363 213 3438 dicantes.
258 3371 518 3438 Admirabantur
531 3372 629 3436 amici
640 3370 855 3462 tranquillum
874 3379 907 3435 et
919 3395 1080 3453 serenum,
1096 3394 1192 3458 quern

65 3466 153 3553 vulgo
184 3497 266 3560 prae
298 3496 333 3537 se
363 3472 508 3554 ferebat,
545 3474 707 3555 animum,
741 3482 773 3537 et
802 3494 918 3555 curae,
951 3474 1070 3559 quibus
1093 3495 1191 3559 saepe

65 3571 240 3639 vexabatur
247 3626 256 3658 ,
278 3573 521 3638 evanescebant
545 3597 658 3639 omnes
665 3624 674 3656 ,
702 3573 900 3659 simulatque
927 3575 962 3636 in
989 3582 1117 3638 coctum
1135 3575 1191 3639 bo-

66 3686 168 3736 nomm
189 3676 407 3761 hilariumque
422 3673 588 3738 hominum
607 3675 773 3739 veniebat.
819 3674 960 3737 Suavem
979 3673 1191 3738 familiarium

68 3786 246 3858 sermonem,
260 3775 328 3840 sale
349 3776 544 3862 facetiisque
561 3775 739 3855 conditum,
753 3772 850 3837 valde
862 3772 1005 3853 amabat,
1024 3793 1191 3859 nunquam

66 3871 165 3938 tamen
174 3876 227 3941 his
240 3876 484 3942 narrationibus
499 3876 625 3940 lasciva
637 3883 670 3938 et
681 3875 790 3959 turpia
802 3875 981 3938 immisceri
992 3872 1191 3959 patiebatur.

141 3973 236 4042 Hane
259 3979 299 4042 de
322 3979 393 4043 vita
415 3986 448 4040 et
467 3976 612 4041 moribus
628 3974 740 4040 Caroli
755 3975 918 4039 Ludovici
938 3973 1056 4038 Struve
1079 3995 1191 4037 narra-

67 4067 175 4139 tionem
197 4078 290 4143 finire
312 4078 411 4143 liceat
432 4077 543 4141 verbis
566 4078 640 4142 istis
663 4078 823 4161 egregiis,
851 4097 936 4162 quae
957 4074 1019 4137 Vir
1038 4074 1191 4137 Eximius

68 4165 135 4235 (ihr.
153 4177 238 4262 Aug.
262 4179 461 4260 Lobeckius,
485 4178 611 4240 amicus
633 4176 748 4240 Patrui
770 4177 1030 4256 sincerissimus,
1059 4174 1112 4238 die
1143 4176 1192 4236 13.

69 4264 151 4337 Junii
174 4280 253 4342 1838
275 4280 311 4343 in
337 4280 527 4344 memoriam
548 4277 619 4361 ejus
642 4277 775 4364 scripsit
802 4280 836 4340 in
866 4277 960 4340 Aetis
984 4276 1111 4339 diurnis
1133 4295 1192 4360 pu·

67 4363 152 4463 blicis
163 4378 410 4464 Regimontanis
428 4377 604 4465 [Konigsb.
618 4377 754 4463 Konigl.
770 4379 902 4442 Preuss.
918 4376 1041 4440 Staats-
1056 4374 1191 4461 Kriegs-

70 4471 129 4536 ufld
147 4477 449 4566 Friedenszeitung]
475 4480 533 4543 Nr.
559 4482 629 4543 135.
653 4502 684 4565 p.
708 4482 806 4543 1097:
