2884 5184
568 479 775 530 uunlcsuw.
1187 471 1251 542 vn*

95 641 194 729 polae
213 640 393 729 Lipsiensi,
416 643 497 709 Viro
519 646 560 709 de
581 647 716 713 edendis
739 653 952 739 scriptoribus
972 657 1122 724 classicis
1139 662 1237 728 Meri·

94 761 242 844 tissimo,
265 770 302 825 ut
326 762 566 851 redemptorem
588 767 691 832 nostri
720 790 755 831 se
780 768 850 835 fore
881 760 996 859 operis¹
1018 780 1234 863 promitteret.

94 878 245 942 Maximo
271 877 326 943 hio
346 882 483 946 nuntius
504 882 626 968 gaudio
652 905 704 948 me
732 887 895 972 perfudit,
930 913 1040 958 acrem
1068 900 1237 963 cunctanti

96 996 268 1062 stimulum
286 997 329 1061 ad
350 996 553 1064 absolvenda
571 999 724 1066 inchoata
744 1003 895 1090 subjecit.
942 1008 1059 1098 Itaque
1082 1012 1235 1079 secundis

97 1116 189 1179 curis
210 1115 323 1179 Vitam
346 1117 456 1202 patrui
478 1121 693 1203 pertractavi,
718 1122 878 1208 opuscula
906 1126 1029 1192 selecta
1055 1130 1163 1196 denuo
1185 1154 1234 1196 re·

96 1234 228 1316 censui,
246 1232 383 1322 jamque
404 1243 509 1300 totum
530 1258 612 1323 opus
629 1237 672 1302 ad
684 1237 732 1302 Te
754 1241 897 1327 mittens,
915 1243 998 1310 haec
1009 1244 1134 1331 habeo,
1151 1268 1235 1335 quae

96 1351 139 1416 de
170 1352 268 1416 modo
297 1374 336 1417 ac
369 1354 513 1436 ratione,
544 1377 642 1441 quam
677 1358 711 1421 in
749 1357 939 1444 digerendis
968 1364 1136 1450 opusculis
1163 1366 1234 1449 inii,

94 1469 217 1534 dicam.

181 1588 349 1653 Distribui
369 1598 471 1654 totam
494 1590 693 1656 edendorum
714 1604 992 1678 programmatum
1009 1599 1180 1662 materiam
1199 1600 1236 1663 in

94 1710 209 1793 partes
230 1714 309 1789 tres,
332 1708 492 1792 criticam,
512 1709 761 1795 grammaticam
779 1718 812 1773 et
832 1710 1141 1799 lexicographicam,
1164 1714 1234 1781 lite·

92 1827 229 1891 rariam.
276 1824 424 1906 Quarum
450 1828 485 1892 in
510 1829 616 1915 prima
643 1826 751 1915 parte,
781 1848 884 1914 eaque
911 1828 1129 1916 amplissima,
1157 1832 1233 1897 dedi

95 1945 208 2009 omnia
236 1944 309 2030 ejus
340 1945 499 2030 opuscula
527 1946 660 2029 critica,
689 1954 848 2034 quotquot
880 1951 1132 2033 programmatis
1158 1972 1233 2015 eon·

94 2042 252 2146 tinentur,
275 2064 323 2128 ita
340 2071 466 2147 tamen,
487 2073 525 2128 ut
546 2086 631 2151 quae
653 2066 689 2129 in
716 2064 857 2130 eundem
885 2066 1077 2152 scriptorem
1099 2066 1232 2131 adnota-

95 2182 204 2245 tiones
225 2203 286 2267 per
308 2182 402 2246 varia
423 2183 582 2268 opuscula
601 2182 769 2269 dispersae
790 2192 884 2248 erant
890 2231 899 2265 ,
922 2182 1110 2268 colligerem
1130 2193 1163 2248 et
1183 2207 1232 2249 se-

94 2298 241 2363 cundum
264 2296 423 2364 librorum
451 2299 599 2364 ordinem
625 2316 880 2388 componerem·
909 2299 1031 2385 Adjeci
1061 2299 1114 2363 his
1148 2322 1236 2367 nova

95 2417 204 2481 multa
224 2438 268 2481 ex
288 2418 419 2482 scriniis
442 2417 514 2504 ejus
527 2418 744 2507 deprompta,
766 2418 959 2506 praesertim
983 2438 1001 2480 e
1021 2416 1151 2481 schedis
1165 2418 1234 2481 Ad-

95 2535 350 2601 ditamentorum
370 2536 413 2601 ad
436 2536 628 2605 Schneideri
649 2534 808 2620 Lexicon,
828 2557 965 2622 quorum
986 2533 1154 2622 complura
1174 2559 1234 2623 pro

92 2655 260 2719 inchoatis
300 2654 462 2720 duntaxat
508 2655 660 2723 habenda
693 2656 815 2720 addere
852 2677 918 2719 non
957 2676 1029 2718 sum
1064 2663 1234 2740 gravatus,

95 2774 218 2861 quippe
240 2793 284 2837 ex
303 2771 423 2858 quibus
441 2772 605 2858 judicium
627 2775 692 2841 viri
711 2773 801 2838 illius
823 2795 898 2837 acre
919 2782 953 2838 et
974 2770 1094 2837 subtile
1113 2775 1235 2860 optime

96 2890 240 2978 perspici
261 2892 378 2977 possit.
420 2890 537 2977 Itaque
569 2888 681 2954 multis
708 2892 856 2953 numeris
883 2898 999 2953 auctae
1024 2898 1102 2952 sunt
1127 2910 1236 2953 emen-

96 3008 252 3072 dationes
269 3008 304 3071 in
327 3007 488 3089 Quintum
509 3007 736 3091 Smyrnaeum,
758 3004 902 3070 Oracula
922 3004 1096 3092 Sibyllina,
1117 3005 1235 3070 Lucia·

93 3149 191 3211 num,
211 3126 466 3214 Hippocratem,
490 3122 621 3189 Scholia
646 3123 682 3187 in
711 3123 848 3189 Homeri
869 3122 1069 3208 Odysseam3
1095 3145 1138 3187 ex
1152 3125 1235 3210 qui-

93 3247 159 3312 bus
181 3253 289 3310 notae
306 3242 349 3308 ad
369 3242 511 3306 Luciani
536 3241 655 3310 Jovem
687 3240 918 3325 Confutatum,
948 3263 1032 3327 quae
1060 3263 1165 3328 usque
1193 3240 1237 3305 ad

96 3385 172 3451 cap.
196 3366 245 3427 15.
265 3370 417 3448 pergumt,
433 3362 638 3450 conscriptae
650 3359 692 3425 ab
713 3382 752 3424 eo
770 3359 927 3425 videntur
945 3381 1028 3441 esse,
1048 3380 1149 3446 quum
1169 3357 1236 3423 edi-

93 3484 220 3547 tionem
241 3480 340 3566 hujus
366 3477 489 3564 dialogi
510 3487 651 3566 pararet.
703 3477 850 3542 Primum
878 3470 914 3543 in
940 3477 1048 3542 lucem
1074 3476 1237 3564 prodeunt

95 3599 341 3664 emendationes
369 3597 404 3660 in
436 3596 580 3662 Oracula
606 3599 715 3681 varia,
744 3595 833 3684 apud
853 3596 1054 3660 Pausaniam
1079 3605 1112 3660 et
1133 3595 1235 3659 Euse-

96 3718 189 3783 bium
211 3717 328 3798 obvia,
354 3714 391 3778 in
417 3714 605 3779 Manuelem
638 3715 773 3797 Philon,
804 3713 998 3794 Aelianum,
1029 3712 1236 3797 Procopium,

97 3832 324 3915 Heliodorum,
346 3832 604 3916 Aristaenetum,
623 3829 887 3912 Eratosthenem,
905 3828 1121 3910 Phurnutum,
1140 3826 1237 3892 Gale-

94 3972 187 4034 num,
200 3949 504 4038 Physiognomicos,
526 3949 808 4037 Lexicographos,
831 3947 1013 4034 Scriptores
1027 3943 1238 4010 Ecclesiasti—

97 4091 166 4134 cos.
216 4068 257 4133 In
282 4068 470 4134 Manuelem
491 4068 611 4133 Philen
640 4068 790 4154 aliosque
814 4064 1072 4151 Iambographos
1096 4062 1237 4127 seriores

97 4209 166 4252 non
187 4187 343 4272 exiguam
364 4187 631 4253 emendationum
649 4207 789 4249 messem
806 4184 948 4248 Patruus
970 4180 1143 4247 addiderat
1159 4178 1238 4243 Pro·

98 4306 274 4391 grammati
295 4304 336 4369 de
355 4304 485 4391 legibus
507 4303 689 4393 prosodicis
712 4312 746 4367 et
764 4303 909 4367 metricis
931 4301 1047 4367 horum
1067 4306 1239 4387 poetarum

101 4421 231 4509 [Progr.
247 4421 342 4487 XVI.
358 4422 489 4509 Regim.
514 4421 633 4510 1820.].
658 4420 750 4502 Quas
769 4421 824 4486 hic
846 4420 922 4485 dedi
942 4419 1181 4499 adnotationes,
1204 4418 1242 4482 in

99 4539 231 4607 schedis
253 4542 327 4629 ejus
348 4539 584 4607 Addendorum
605 4538 649 4605 ad
670 4537 862 4606 Schneideri
885 4536 1033 4605 Lexioon
1048 4538 1173 4629 passim
1190 4558 1241 4605 re·
