2884 5184
254 482 279 526 X
719 475 926 524 Dunlcnrlo.

253 659 320 712 tam
343 669 424 723 curn¹
439 647 479 709 V.
502 646 546 709 D.
569 646 738 711 liudovico
764 646 804 709 dc
827 646 945 709 Sinner
970 645 1076 709 fusius
1098 645 1251 732 exposuit
1276 646 1318 708 V.
1346 646 1390 710 D.
1430 672 1431 699 1

256 766 419 830 Heuricus
453 766 576 829 Martin
614 767 650 829 in
681 763 824 829 editione
861 762 1110 846 Francogallica
1146 762 1393 829 Grammaticae

257 885 404 949 Graecae
430 883 574 968 Augusti
599 881 769 947 Matthiae.
813 881 993 968 Utramque
1021 881 1107 945 hanc
1135 881 1393 968 disputationem

255 1027 307 1067 me
328 1003 507 1088 recepisse,
528 1021 595 1064 non
612 1000 779 1084 ingratum
800 1000 870 1064 fore
892 1000 974 1064 viris
997 997 1100 1062 doctis
1123 1000 1231 1063 credo.
1263 1000 1393 1064 Addidi

256 1120 449 1205 Catalogum
475 1116 711 1203 adjectivorum
745 1116 946 1199 verbalium,
982 1138 1081 1203 quae,
1110 1106 1348 1203 praetermissa
1375 1140 1395 1180 a

256 1238 456 1304 Schneidero
478 1237 513 1299 in
539 1230 680 1318 Lexico,
702 1235 844 1300 Patruus
872 1235 1049 1321 collegerat
1076 1237 1111 1299 111
1134 1235 1394 1318 Α1111116111611116,

255 1358 290 1421 111
312 1355 440 1422 schedis
461 1353 602 1429 Luciani
623 1352 719 1419 Jovis
742 1355 911 1420 Confutati
934 1356 1024 1419 etin
1049 1356 1198 1440 margine
1226 1353 1394 1440 exempla-

255 1476 302 1539 ris
333 1473 451 1537 Lexici
486 1471 746 1537 Schneideriani.
807 1474 1114 1538 Additamentorum
1136 1481 1243 1536 autem
1272 1472 1395 1536 Lexici

255 1593 371 1678 hujus,
395 1590 435 1655 de
455 1590 551 1676 cujus
572 1591 680 1676 operis
704 1591 814 1656 indole
836 1614 874 1656 ac
896 1593 1022 1657 ratione
1044 1591 1151 1655 fusius
1172 1590 1300 1655 locutus
1319 1613 1395 1655 sum

256 1714 291 1775 in
312 1710 390 1773 Vita
411 1709 542 1789 Patrui,
564 1710 743 1795 specimina
766 1709 845 1792 duo,
878 1710 920 1775 ab
949 1692 1034 1795 ipso
1044 1709 1116 1794 jam
1138 1708 1243 1791 edita,
1264 1695 1396 1795 'aliquot

258 1822 492 1915 supplementis
527 1827 622 1908 auxi,
657 1848 718 1890 nec
746 1836 857 1892 tamen
884 1828 971 1891 ultra
997 1829 1121 1915 priores
1158 1828 1240 1891 duas
1268 1825 1395 1910 literas,

257 1969 340 2034 quas
360 1948 430 2032 ipse
452 1944 605 2009 secundis
623 1947 710 2010 curis
728 1953 997 2034 pertractaverat,
1019 1968 1120 2010 ausus
1135 1967 1209 2010 sum
1225 1946 1395 2032 progredi.
1430 1954 1431 1957 ’

257 2064 371 2129 Τ61116
403 2063 542 2148 denique
569 2069 678 2149 parte,
719 2086 817 2150 quam
846 2062 1013 2150 Opuscula
1045 2062 1191 2128 literaria
1226 2065 1396 2150 inscripsi,
1430 2076 1431 2097 ¹

258 2184 381 2268 scripta
402 2180 560 2245 nonnulla
573 2181 689 2246 Patrui
708 2181 860 2264 exhibui,
883 2184 918 2246 in
939 2181 1059 2269 quibus
1083 2183 1123 2246 de
1145 2182 1255 2247 indole
1273 2191 1307 2246 et
1329 2182 1397 2247 fine

258 2301 439 2381 carminum
466 2301 671 2385 quorundam
699 2295 908 2385 antiquorum
938 2298 1079 2365 locutus
1096 2309 1163 2383 est,
1195 2321 1297 2384 eaque
1324 2300 1397 2365 fere

258 2420 368 2486 omnia
395 2416 595 2484 Germanica
622 2419 738 2505 lingua
759 2420 960 2505 conscripta,
989 2420 1089 2505 quac,
1117 2440 1158 2482 ne
1180 2419 1330 2483 nativum
1354 2422 1398 2483 iis

257 2538 397 2602 colorem
413 2536 605 2619 adimerem,
620 2537 751 2601 Latinis
769 2536 880 2602 verbis
899 2539 1081 2624 exprimere
1102 2537 1202 2602 nolui.
1243 2536 1399 2601 Eandem

157 2657 162 2665 ’
259 2656 301 2721 ob
324 2676 456 2718 causam
478 2655 576 2719 etiam
600 2663 771 2740 utramque
794 2654 834 2718 de
863 2654 1026 2741 Dionysio
1047 2655 1300 2721 Halicarnasseo
1329 2657 1400 2721 dis-

257 2775 458 2862 putationem
480 2781 513 2838 et
534 2772 777 2837 adnotationem
799 2773 842 2837 ad
862 2774 970 2839 locum
997 2775 1161 2862 quendam
1182 2772 1400 2860 Hippocratis

255 2895 364 2983 patria
385 2891 500 2977 lingua
522 2893 660 2977 scriptas
682 2914 749 2956 non
771 2894 954 2957 attrectavi.

342 3011 456 3078 Sciens
478 2998 557 3076 vero
579 3009 683 3074 multa
710 3032 754 3074 ex
778 3009 893 3075 Patrui
921 3009 1087 3096 opusculis
1116 3010 1224 3075 adhuc
1251 3021 1400 3097 praeter·
1430 3036 1431 3055 .

256 3132 348 3212 misi,
371 3152 454 3216 quae
480 3149 558 3190 sane
579 3129 652 3213 pari
667 3127 743 3213 jure
765 3129 854 3213 typis
871 3136 1038 3191 merentur
1054 3129 1175 3213 repeti,
1195 3137 1233 3193 ut
1254 3151 1341 3215 quae
1358 3133 1401 3197 de

257 3272 293 3313 re
315 3248 450 3312 metrica
472 3254 576 3331 agunt
602 3255 634 3309 et
655 3246 871 3331 gravissimas
895 3266 937 3308 ex
959 3246 1031 3330 ejus
1052 3246 1210 3310 censuris.
1256 3245 1401 3333 Quodsi,

258 3375 295 3431 ut
318 3364 424 3428 estin
445 3364 549 3446 votis,
573 3363 654 3428 haec
669 3362 910 3451 Opusculorum
928 3366 1029 3432 series
1050 3362 1231 3448 benignum
1249 3367 1403 3433 virorum

259 3484 427 3549 doctorum
444 3481 558 3548 tulerit
578 3482 749 3571 plausum,
766 3482 864 3547 facile
885 3484 1017 3549 tertium
1036 3481 1205 3566 volumen,
1223 3507 1287 3570 quo
1304 3510 1403 3572 prae-

256 3603 411 3668 termissa
424 3600 482 3666 illa
498 3605 709 3690 recipiantur,
720 3602 904 3689 parandum
914 3599 1046 3668 curabo.
1070 3599 1231 3664 Praemisi
1248 3601 1404 3688 Opuscu-

257 3724 298 3788 lis
311 3722 495 3788 uberiorem
507 3722 547 3786 de
565 3724 636 3788 vita
653 3731 686 3786 et
707 3723 838 3808 scriptis
850 3721 889 3786 Ο.
904 3721 943 3784 L.
958 3720 1085 3785 Struvii
1103 3720 1263 3804 notitiam,
1275 3723 1310 3786 in
1334 3748 1406 3811 qua

257 3864 359 3930 quum
379 3842 556 3927 imaginem
578 3840 704 3922 Patrui,
725 3848 883 3926 quantum
904 3861 1045 3927 possem,
1065 3859 1178 3905 veram
1200 3846 1233 3903 et
1247 3840 1406 3906 vividam

256 3961 439 4048 exprimere
463 3957 639 4040 studerem,
652 3957 704 4021 Tu
722 3967 754 4022 et
771 3956 895 4023 crebris
914 3956 1129 4038 sermonibus,
1146 3953 1186 4019 de
1204 3956 1273 4020 vita
1294 3967 1328 4022 et
1352 3959 1406 4024 in-

256 4076 330 4142 dole
353 4077 427 4162 ejus
450 4074 590 4160 habitis,
612 4097 665 4139 me
686 4077 845 4164 adjuvisti
864 4087 897 4143 61
919 4076 1030 4143 literas
1055 4076 1129 4162 ejus
1156 4097 1285 4158 omnes,
1310 4075 1408 4143 lectu
1430 4156 1431 4209 1

249 4196 508 4295 jucundissimas
529 4205 563 4260 et
584 4195 694 4260 Vitam
709 4196 932 4263 conscribenti
947 4198 1178 4283 gravissimas,
1200 4192 1321 4279 quibus
1344 4196 1407 4261 ille
1430 4268 1431 4297 ζ

258 4315 298 4379 de
320 4314 471 4380 omnibus
494 4315 592 4381 rebus
616 4316 707 4398 suis,
734 4315 774 4380 de
801 4317 872 4382 vita
895 4316 1092 4397 domestica,
1118 4314 1158 4377 de
1180 4313 1327 4376 muneris
1351 4336 1408 4378 ra·
1430 4324 1432 4419 1

254 4433 365 4512 tione,
388 4433 429 4496 de
452 4432 571 4497 studiis
599 4433 757 4499 literariis
786 4434 850 4518 Te,
876 4434 1011 4500 fratrem
1037 4431 1302 4510 dilectissimum,
1333 4453 1409 4495 cer-

256 4546 373 4609 tiorem
395 4547 506 4611 facere
535 4549 676 4632 solebat,
711 4552 949 4638 benignissime
977 4572 1104 4616 mecum
1139 4547 1410 4632 communicasti,
