2884 5184
384 461 496 509 aron
518 461 809 510 nscrsnmnn.
1108 451 1168 512 129

48 637 138 695 rerlrcm
158 652 266 711 capere
281 645 380 710 polest.
418 633 480 712 Qui
501 656 577 695 vero
596 636 710 696 factum
732 636 786 709 sit,
806 648 841 696 ut
858 631 891 695 ἐν
909 631 983 713 πυρὶ
1005 634 1099 695 ναίων
1117 637 1162 696 in-

47 744 144 816 terpres
169 738 302 796 Latinus
327 739 515 814 expresserit
536 759 592 818 per
614 743 703 814 ipnem
726 742 849 796 emittens
873 737 989 796 nescio.
1032 737 1166 819 Reliqua

44 836 94 912 jum
113 837 256 897 faciliore
275 839 358 898 lectu
379 848 459 898 sunt.
503 837 662 898 Habemus
684 858 771 897 rouro
790 840 831 909 θς
851 857 959 915 μεικρα
978 836 1011 897 δε
1030 841 1067 897 er
1084 859 1166 918 μερις

47 940 151 1014 κνγελιιιι
175 959 277 1015 ημεις,
306 940 358 1000 ubi
386 943 426 1011 θς
452 949 524 1000 noto
551 939 732 1020 compendio
759 960 815 1018 pro
842 927 915 1010 θεὸς
939 940 1163 1019 scriptumest,

45 1043 69 1094 ut
84 1040 116 1095 θι
142 1059 198 1117 pro
219 1043 267 1099 θυ
293 1041 324 1099 h.
349 1062 376 1101 e.
404 1044 496 1118 θεοῦ,
530 1050 636 1101 contra
665 1043 792 1120 ανγελνυ
816 1060 872 1120 pro
890 1031 1027 1118 ἄγγελοι,
1056 1042 1165 1102 eadem

46 1138 238 1201 vicissitudine
260 1143 414 1204 vocalium
435 1142 496 1205 iet
518 1143 547 1202 ὖ.
586 1143 624 1202 In
645 1141 895 1222 purpurandam
917 1164 973 1222 pro
993 1131 1087 1223 μικρὰ
1101 1144 1162 1203 Ita-

46 1238 116 1297 cismi
134 1242 300 1319 vestigium
327 1253 477 1325 superest.
528 1242 645 1303 Latina
669 1245 881 1324 interpretatio
911 1252 972 1303 est:
1009 1246 1062 1303 lior
1087 1247 1163 1316 deuo,

42 1344 128 1410 solo
153 1352 246 1402 aulem
275 1348 411 1420 deipara
435 1349 528 1422 anpclr'
550 1364 611 1406 nos.
654 1345 743 1405 Unus
772 1354 913 1424 superest
934 1345 1091 1404 obscurior
1109 1344 1163 1403 ille

45 1436 136 1508 literae
157 1441 284 1517 ductus,
306 1466 386 1526 quae
406 1448 485 1507 inter
504 1451 525 1506 li
545 1457 576 1507 et
596 1464 647 1507 noc
668 1448 784 1526 scripta
799 1453 918 1518 exstat,
940 1465 1093 1525 quamque
1107 1465 1164 1525 per

45 1537 266 1604 {reddidimus
310 1547 415 1628 Atque
437 1548 458 1604 ιῑ
483 1548 608 1629 quidem
632 1548 715 1608 clare
738 1556 883 1628 apparet,
913 1545 970 1606 sed
991 1546 1081 1605 simul
1098 1554 1162 1605 tum

48 1642 124 1717 capiti
137 1643 246 1705 literae
270 1648 388 1729 aliquid
410 1651 565 1728 appictum
586 1657 646 1723 est,
676 1649 759 1729 quod
781 1648 855 1731 quid
874 1649 928 1721 sit,
949 1647 1069 1719 nescio,
1097 1654 1162 1705 tum

46 1761 104 1799 vero
123 1744 192 1821 pedi
211 1748 329 1809 lineola
350 1750 490 1830 obliqua,
512 1751 601 1811 olavo
620 1750 687 1810 fere
707 1750 828 1824 similis,
848 1749 975 1821 insistit,
999 1754 1033 1807 ut
1054 1756 1161 1828 aperte

29 1846 238 1925 'compendium
266 1848 392 1929 aliquod
415 1852 585 1930 scripturae
608 1872 645 1910 eo
666 1871 846 1932 expressum
868 1852 922 1924 sit,
950 1848 1033 1931 quod
1054 1848 1160 1927 legere

47 1962 156 2023 nequeo.
197 1949 368 2010 Praeterea
388 1972 456 2011 cum
477 1953 598 2031 punctis
620 1962 795 2031 separatum
816 1954 856 2013 sit
877 1972 896 2010 a
913 1949 1120 2032 praecedente
1143 1954 1165 2008 li

50 2052 73 2100 et
87 2040 311 2126 sequente'noa
335 2072 479 2133 cumque,
501 2062 536 2113 ut
557 2053 658 2112 omnia
678 2053 815 2126 Graeca,
836 2052 920 2112 linea
941 2052 1034 2111 rubra
1052 2052 1161 2122 ,subtus

48 2144 177 2221 signatum
198 2153 254 2225 sit,
283 2173 339 2232 pro
362 2152 482 2214 Graeco
505 2153 597 2213 ductu
614 2154 773 2213 librarium
795 2154 853 2212 hoc
875 2152 1037 2225 habuisse,
1064 2160 1159 2229 petet.

29 2244 120 2324 ¹dddo
144 2251 206 2326 hio,
235 2254 268 2313 in
288 2254 407 2329 verbis,
436 2275 517 2337 quae
539 2256 642 2316 statim
664 2263 774 2332 postea
793 2251 876 2331 apud
897 2251 1092 2312 Lactantium
1112 2272 1159 2310 se·

48 2359 171 2426 quantur,

115 2455 214 2528 „Quid
236 2457 311 2530 qood
322 2456 482 2516 Marsaeus
499 2459 545 2516 ille
567 2466 609 2517 ter
624 2461 778 2530 maturo,
800 2457 884 2530 cujto
898 2470 988 2528 upra
1001 2458 1161 2544 κικιιικιικι

32 2549 92 2636 leli
111 2572 162 2613 nou
186 2559 268 2617 modo
290 2543 484 2637 ἆμήτιιρα,
514 2567 544 2617 ιιι
564 2561 679 2635 Apollo,
707 2560 758 2618 ced
785 2545 962 2632 ιἰπᾶτωρα
982 2574 1089 2633 quoquc
1107 2576 1160 2631 op-

47 2653 239 2736 elatarum&

29 2829 32 2830 ⁷
49 2750 163 2816 codicem
178 2766 317 2818 nostrum
336 2758 416 2818 bene
439 2757 514 2819 dare
536 2749 669 2838 διμήτορα
686 2768 718 2819 et
732 2750 882 2840 ἀπάτορα,
905 2778 985 2839 quae
1000 2778 1055 2818 suo
1071 2759 1160 2819 modo

34 2850 83 2909 ‘sic
101 2860 215 2938 scripsit
237 2871 361 2919 ametora
383 2868 414 2919 et
432 2865 565 2935 sinopa.
608 2860 771 2920 Editiones
788 2869 912 2919 veteres
930 2859 974 2932 A,
997 2859 1038 2931 B,
1061 2858 1086 2917 C
1104 2880 1160 2936 pro

29 3030 32 3034 ,
50 2947 156 3018 Graecis
176 2960 352 3036 vocabulis,
375 2982 454 3043 quae
474 2982 599 3039 prorsus
614 2961 768 3039 ignorant,
780 2960 1003 3020 substituerunt
1017 2958 1161 3017 Latinam

29 3051 37 3085 ·”
50 3050 308 3136 interpretationem
335 3068 395 3121 cine
420 3071 510 3121 matre
535 3070 566 3122 et
591 3066 651 3121 eine
675 3071 768 3136 patre.
812 3059 917 3120 Editio
938 3060 968 3117 D
997 3078 1071 3117 vero
1095 3059 1161 3135 jem

29 3233 34 3256 t
50 3151 168 3222 vitiosam
189 3163 372 3243 scripturum
392 3183 448 3242 per
471 3163 494 3224 ὦ
514 3165 619 3226 refert.
663 3197 666 3206 ‚

411 3332 482 3394 Lm.
503 3334 529 3392 I.
553 3351 624 3394 ose.
644 3332 673 3392 7.
697 3330 729 3410 ὅ.
748 3330 778 3391 9.

116 3468 174 3537 „De
197 3487 229 3528 sc
254 3473 362 3545 quidem
387 3475 433 3530 ille
453 3476 579 3530 mentitus
599 3480 640 3531 ecl
660 3472 812 3550 (Apollo),
834 3474 896 3544 qui,
917 3489 1001 3544 quum
1018 3472 1086 3527 silc
1107 3489 1160 3529 nu-

30 3563 36 3620 Ῐ
51 3573 110 3618 'lew
133 3570 308 3643 daemonum,
339 3577 444 3648 sepelis
467 3589 499 3631 ee
525 3575 570 3629 dei
598 3571 643 3648 (se
665 3574 711 3647 clei
735 3591 800 3645 unp.
821 3568 889 3628 cod.
912 3568 963 3646 R.)
993 3577 1161 3643 opyrcpovit.

29 3653 154 3738 ‘Derim
178 3677 208 3729 ιἰι
234 3676 296 3731 alr'is
321 3678 477 3749 responsis,
506 3674 667 3728 daemonem
692 3686 723 3728 se
749 3687 810 3727 esse
829 3670 974 3743 confessus
994 3677 1042 3725 est.
1087 3672 1162 3727 Nom

32 3752 115 3827 xtumr
133 3773 369 3849 eomparatur,
388 3776 520 3849 quomodo
541 3774 593 3831 sibi
611 3772 770 3845 supplicari
788 3769 880 3839 uellet,
896 3771 938 3828 tto
958 3770 1113 3841 respondit:

29 3943 33 3950 ff
117 3860 262 3951 πάνσοφε,
283 3862 506 3950 παντοὸίὸνκι’,
527 3869 746 3952 ἐνολοίσιροφε,
768 3863 895 3927 κέκλυθι
916 3866 1057 3944 ὃνῖμον.“

30 3969 34 3976 ”
52 3954 162 4044 Insignis
187 3985 235 4036 est
253 3976 427 4054 corruptela
448 3978 481 4035 in
507 3975 580 4036 edit.
605 3973 635 4033 A
659 3986 800 4046 πωνσοφε
818 3966 1032 4029 senonenses
1053 3985 1089 4030 oo
1108 3990 1162 4047 μο·

34 4056 242 4144 ,lulooutvrrs
259 4075 373 4153 δαιμον.
400 4076 497 4136 Editt.
517 4078 544 4135 'B
565 4085 596 4136 et
616 4074 640 4135 O
664 4094 731 4134 cum
752 4070 1006 4131 Bunemanniana
1028 4071 1162 4130 lectione

30 4159 220 4254 {conspirare
253 4177 312 4237 nisi
341 4177 423 4258 quod
451 4178 544 4237 κλῦθι
570 4197 625 4254 pro
651 4173 778 4236 κέκλυθι
807 4183 837 4233 et
865 4172 981 4250 διιῖμων
1007 4172 1076 4251 (sed
1103 4174 1162 4231 hoc

53 4274 171 4353 accentu)
196 4297 251 4356 pro
280 4275 389 4355 δαῖμον
418 4275 574 4336 exhibent.
619 4275 723 4335 Editio
742 4276 771 4332 D
798 4275 875 4333 nihil
896 4273 1006 4332 variat.
1027 4306 1069 4315 —
1090 4273 1162 4333 Vox

30 4449 35 4462 ψ
53 4348 250 4454 ἕνολοίσιροφος
269 4376 391 4438 Graeca
415 4398 478 4438 non
500 4383 556 4434 est.
600 4375 696 4436 Varia
717 4367 868 4454 reponere
889 4375 991 4434 conati
1012 4382 1084 4448 sunt
1100 4373 1162 4450 ‘viri

34 4549 37 4568 Ι
53 4452 128 4543 docti,
152 4455 360 4557 κίοκόσιροφε,
383 4474 580 4557 ἔλελίσιροφε,
600 4469 773 4559 ὁλοίσιροφε
792 4486 850 4538 etc.
876 4477 915 4536 cf.
939 4473 1110 4536 Schneider
1130 4478 1163 4537 in

95 4582 225 4651 treuva,
249 4596 364 4638 ornso.
389 4597 458 4637 sun.
480 4598 501 4636 1.
932 4576 953 4637 9
