2884 5184
584 432 772 492 omanus
794 430 1064 481 susurrans.
1151 400 1154 403 ’

751 610 822 669 Lm.
844 607 900 668 VI.

260 801 289 839 v.
312 775 362 838 62.
384 778 530 837 remansit
552 799 592 836 ex
610 776 886 837 Rhodomanniana
904 776 1055 837 editione:

424 870 542 959 ττέρσειν
551 871 645 939 Ἴλιον
665 873 754 939 eiad·
775 874 839 940 τόδ
844 900 857 939 ε
876 878 894 938 δ
899 870 920 957 ὴ
940 881 996 939 νῦν
1014 870 1211 954 ἐκτελέουσιν,

261 982 313 1041 ubi
334 990 459 1060 propter
480 992 609 1042 metrum
630 983 748 1042 scribas
777 970 816 1039 τδ
843 979 861 1039 δ
868 970 888 1058 η
912 982 970 1041 νῦν
990 1003 1017 1040 κ
1039 1003 1065 1040 τ.
1088 983 1114 1039 λ.
1139 1015 1182 1022 -
1206 1003 1235 1040 v.
1258 979 1306 1040 81.
1334 1002 1382 1060 pro

260 1083 289 1143 εἴ
303 1074 355 1142 κέν
373 1105 426 1160 μιν
443 1083 514 1162 lege
536 1082 570 1142 εί
584 1084 649 1143 καί
667 1105 747 1161 μιν,
769 1104 798 1141 v.
818 1081 888 1142 161.
910 1103 966 1162 pro
982 1071 1067 1144 ὁπότ’
1090 1073 1189 1142 ἆντίαι
1209 1080 1304 1142 είσλν
1325 1075 1383 1140 ἄελ-

261 1189 309 1245 λαι
326 1186 397 1263 lege
415 1170 440 1244 oi
448 1200 525 1262 σιν,
545 1208 574 1245 v.
595 1185 664 1244 116.
686 1206 742 1266 pro
764 1174 818 1262 ῇδέ
840 1180 902 1243 καί
922 1175 1019 1262 ὤμους
1031 1184 1103 1262 lege
1118 1173 1173 1262 ῇδέ
1189 1169 1268 1241 κατ’
1285 1173 1383 1259 ὤμους.

261 1327 291 1365 v.
315 1303 385 1364 126.
423 1294 462 1376 ὦς
480 1295 522 1379 δ’,
544 1292 638 1364 ὁπόθ’
658 1301 759 1386 ἕρκεος
781 1292 862 1375 έντδς
882 1293 1031 1383 ἐεργμένοι
1052 1293 1230 1381 ἆθρῇσωσιν

425 1397 529 1484 ῇμενοι
550 1396 644 1486 οἱνέρα
660 1407 762 1484 χῆνες,
782 1395 844 1478 bug
863 1402 967 1482 σφίσιν
983 1403 1086 1465 εἴδατα
1107 1397 1228 1483 βάλλοι,

424 1505 592 1585 σαίνουσιν,
612 1511 665 1567 τοῦ
688 1497 718 1568 δ’
740 1491 814 1588 ῇτορ
834 1504 958 1567 ἰαίνεται
977 1500 1172 1588 είςορόαντος.

263 1609 422 1690 Quomodo
452 1609 595 1670 sedentes
627 1630 753 1671 anseres
784 1607 897 1670 σαίνειν
923 1609 1058 1689 possint,
1095 1628 1198 1688 neque
1232 1626 1290 1683 ego
1320 1605 1381 1675 seio,

261 1732 363 1793 neque
391 1710 630 1771 Rhodomaunus
656 1713 826 1784 intellexit,
861 1712 914 1793 qui
943 1701 1067 1790 ῇμερον,
1094 1715 1201 1783 mitem,
1233 1707 1381 1777 substituit,

263 1813 346 1895 quod
375 1813 482 1870 mirum
510 1822 657 1893 quantum
675 1814 813 1892 languet.
858 1811 1122 1893 Simplicissimum
1143 1813 1224 1872 soret
1246 1801 1381 1889 ῇμενον.

262 1914 448 1975 Anserarius
475 1912 563 1973 sedet
588 1915 621 1973 in
643 1924 747 1994 septo,
776 1917 825 1976 eui
847 1915 957 1975 inolusi
977 1922 1048 1974 sunt
1069 1934 1209 1988 anseres,
1240 1922 1330 1993 atque
1350 1911 1380 1968 ci·

262 2017 349 2076 baria
371 2017 408 2075 iis
430 2015 566 2096 projicit3
588 2036 713 2076 anseres
734 2037 808 2078 vero
828 2017 957 2078 conferti
975 2018 1089 2076 eiroum
1105 2015 1265 2078 sedentem
1280 2013 1382 2073 σαίνον-

264 2133 321 2181 σιν.
367 2118 419 2178 Sic
446 2118 520 2177 satis
551 2119 708 2180 commode
737 2119 823 2179 loeus
850 2120 949 2199 aeeipi
977 2139 1069 2199 posse
1098 2117 1230 2177 videtur.
1277 2114 1338 2175 Sed
1362 2114 1382 2171 si

71 2224 77 2234 “
182 2254 185 2263 -
264 2220 429 2281 contuleris
451 2241 519 2280 oum
539 2230 641 2281 nostro
663 2221 731 2280 loco
754 2223 845 2281 Hom.
869 2219 927 2279 Od.
954 2220 1006 2293 lo,
1030 2218 1101 2281 216.
1126 2241 1172 2301 sq.

430 2315 470 2394 οδς
488 2311 517 2381 δ’
541 2312 614 2383 ὅταν
632 2313 709 2400 ἆμφλ
733 2314 879 2382 δι’νακτα
899 2319 1013 2394 κύνες
1033 2321 1218 2400 δαίτηθεν
1241 2311 1344 2380 ίόντα

427 2413 591 2497 σαίνωσ’,
612 2421 670 2484 αίεδ
689 2418 749 2504 μοίρ
768 2445 798 2484 τε
817 2416 899 2504 φέρει
919 2422 1092 2503 μειλίγματα
1113 2425 1233 2501 θυμοῦ,

255 2508 326 2585 1τιοιτ
353 2545 371 2584 a
396 2546 470 2585 vero
489 2525 623 2586 alienum
644 2525 767 2586 videtur
786 2526 880 2604 longe
903 2527 995 2587 aliam
1014 2530 1123 2587 uocem
1146 2547 1164 2584 a
1187 2523 1304 2603 Quinto
1324 2523 1383 2581 sori-

265 2636 348 2706 ptam
368 2627 479 2698 fuisse,
502 2636 536 2686 ut
550 2616 702 2687 Ιἐλθόντ’
725 2628 776 2687 vel
798 2621 973 2704 τηλόθεν.

265 2768 296 2805 v.
328 2743 398 2805 137.
431 2767 487 2825 pro
510 2748 687 2829 κρατερῇσιν
709 2736 765 2805 ὑπ’
795 2735 951 2830 ἆγκοίνησι
976 2749 1095 2827 μιγεῖσα
1127 2739 1304 2822 Τηλέφου
1327 2744 1383 2819 lege

269 2840 433 2932 Τηλέφῳ.
475 2850 526 2909 Do
547 2870 577 2909 v.
603 2847 672 2909 143.
693 2869 760 2930 sqq.
785 2849 823 2907 cf.
844 2846 959 2908 Adnot.
983 2847 1024 2907 ad
1045 2848 1080 2921 4,
1105 2846 1175 2907 195.

265 2971 295 3008 v.
319 2948 390 3010 209.
429 2946 461 3009 έν
479 2947 512 3011 δέ
531 2949 702 3029 Νεμειαίοιο
721 2950 773 3030 βίη
792 2939 921 3010 ἐτέτυκτο
941 2940 1056 3021 λέοντος

431 3040 556 3132 ὀβρίμου
570 3045 739 3135 Ἡρακλῆος
761 3047 818 3111 tat
842 3051 996 3132 στιβαρῇσι
1017 3040 1129 3131 χέρεσσι

432 3147 601 3231 τετρυμένον
622 3155 778 3235 κρατερῶς.

266 3255 368 3331 Lege:
394 3243 465 3312 δττὸ
487 3255 641 3336 στιβαρῇσι
664 3247 776 3336 χέρεσσι
797 3256 867 3316 coll.
888 3276 918 3315 v.
939 3252 1011 3314 212.
1054 3252 1319 3333 Praepositionem
1338 3238 1381 3312 iad

267 3353 371 3413 dativo
392 3354 436 3413 sio
462 3338 601 3431 junctam
627 3356 696 3415 aliis
722 3358 872 3437 exemplis
900 3356 1095 3437 probabimus
1121 3356 1153 3414 in
1180 3353 1286 3413 adnot.
1309 3353 1345 3412 ad
1361 3351 1382 3421 9,

267 3453 317 3514 80.
335 3476 403 3536 sqq.
424 3477 454 3515 v.
472 3454 543 3515 224.
562 3445 919 3534 ἆμφιτιερικτιόνοιν
938 3478 1000 3517 una
1022 3478 1099 3517 vooe
1119 3458 1307 3535 conjunctim
1325 3456 1382 3513 seri·
1413 3476 1414 3497 ι

266 3557 399 3618 bendum
415 3568 470 3617 est.
508 3558 700 3618 Contrarium
714 3561 821 3619 vitium
838 3560 956 3619 obtinet
970 3581 1000 3619 v.
1018 3542 1101 3632 276,
1120 3559 1174 3619 ubi
1186 3578 1243 3637 pro
1261 3557 1384 3638 κερνδρη

266 3648 369 3731 θέντες
385 3659 549 3738 legendum
571 3651 659 3740 ττέρι
680 3650 902 3738 δμηθέντες.

266 3782 296 3819 v.
306 3759 431 3842 225.sq.
448 3759 499 3821 καί
519 3754 574 3840 τὴν
591 3758 644 3840 μέν
666 3765 822 3841 χρυσοῖο
844 3755 985 3843 κερέατος
1002 3755 1123 3845 δβριμος
1142 3752 1223 3840 ῇρως

431 3855 602 3941 οἶμφέχεν.

266 3966 327 4026 Pro
348 3968 468 4046 χρυσοῖο
491 3965 656 4044 legendum
679 3985 747 4025 esse
769 3957 944 4044 χρυσέοιο
967 3967 1221 4045 1οο11ο·ορρατο1.
1266 3963 1385 4024 Verbum

265 4057 421 4145 ἇμφέχειν,
444 4069 567 4147 saepius
587 4068 670 4148 apud
683 4066 831 4146 Quintum
853 4067 1055 4145 Smyrnaeum
1074 4069 1196 4128 obvium
1216 4074 1308 4147 atque
1327 4068 1384 4125 hinc

263 4171 327 4245 jam
357 4170 541 4230 aRiemero
569 4170 602 4229 in
622 4170 762 4229 Lexieon
787 4179 960 4249 receptum,
987 4171 1154 4250 praecipue
1183 4167 1222 4227 de
1251 4165 1384 4245 ejusmodi

267 4271 360 4328 animi
389 4269 549 4330 affectibus
576 4271 608 4329 in
637 4271 695 4330 hoe
725 4279 818 4352 potita
842 4279 1021 4351 usurpatur,
1058 4270 1165 4351 quales
1193 4278 1264 4327 suut
1292 4277 1382 4335 metue,

266 4369 354 4428 dolor
376 4380 433 4429 eto.
480 4370 531 4430 Sio
554 4369 588 4443 3,
612 4370 641 4430 6.

560 4463 673 4541 πάντας
689 4462 748 4549 γὰρ
770 4463 920 4549 αἰμείλιχον
942 4465 1081 4550 ίμφεχε
1101 4462 1255 4541 πένθος.
