2884 5184
310 440 423 489 uror>
446 441 727 490 nscrsurrun
750 440 889 490 orvis.
1123 429 1164 492 83

47 636 120 694 rpro
140 635 175 689 o,
203 624 239 673 ut
262 616 400 694 saepius3
428 635 530 695 neque
553 619 716 697 quicquam
739 615 823 676 eliud
843 616 995 693 significat
1013 617 1164 696 scripture

46 706 173 785 όναδιοας
192 717 224 773 in
245 715 318 774 edit.
343 715 382 773 A.
428 715 559 775 Ceterae
578 719 746 776 varietates
768 718 800 775 in
823 715 928 774 codice
948 718 1024 776 meri
1043 738 1162 779 errores
1180 735 1206 775 ss

47 825 104 874 sunt
121 816 255 891 librarii,
279 816 388 896 quibus
411 816 622 876 exscribendis
645 815 908 896 supersedendum
929 815 1014 874 duxi.

363 999 447 1078 (Lm.
469 999 525 1058 IV.
550 1017 623 1058 osu.
643 996 694 1059 20.
718 997 749 1074 §-
776 999 823 1058 11.
867 958 871 965 ῃ

116 1136 192 1203 „Sed
215 1150 282 1203 nos,
310 1139 359 1207 qui
377 1165 420 1175 -
441 1135 618 1208 adpellamur
641 1138 695 1207 filii
721 1137 909 1205 Iudaeorum,
937 1136 1012 1209 quod
1040 1139 1165 1193 declarat

46 1237 135 1309 Sibylla
156 1253 218 1293 cum
236 1235 320 1290 dicit.-

177 1321 347 1391 ’Ἰουδαίων
363 1326 508 1412 μακάρων
527 1337 614 1393 θεῖον
634 1331 719 1413 γένος
740 1325 966 1412 οὐρανιοόνοιν.“

45 1431 117 1491 Idem
134 1453 245 1492 versus
269 1443 315 1493 est
336 1435 369 1493 in
392 1435 574 1494 carminibus
591 1433 753 1513 Sibyllinis
773 1435 873 1495 libb.
896 1457 926 1494 v.
942 1432 1030 1507 248„
1053 1437 1085 1495 in
1101 1455 1161 1515 quo

45 1543 132 1592 tamen
145 1555 249 1615 neque
265 1535 361 1609 edita,
383 1556 484 1616 neque
499 1538 613 1617 scripte
632 1537 822 1615 exemplaria
837 1538 1001 1617 quiequam
1016 1536 1161 1613 variant).

118 1635 168 1695 Sic
197 1634 385 1717 'perventum
413 1647 460 1697 est
493 1637 533 1696 ad
565 1637 737 1715 fragmenta
766 1636 935 1716 Sibyllina,
969 1658 1049 1717 quse
1082 1638 1161 1697 libro

46 1738 157 1813 septimo
178 1727 385 1797 continentur.
429 1739 534 1820 Atque
556 1738 634 1798 hseo
657 1738 781 1818 quidem
802 1739 834 1796 in
862 1737 968 1796 codiee
988 1748 1092 1798 nostro
1115 1741 1160 1797 in·

46 1838 251 1914 terpretstione
272 1838 385 1898 Latina
418 1859 540 1913 carere,
577 1841 679 1899 statim
708 1838 747 1898 ab
774 1840 860 1898 initio
890 1841 956 1917 jam
981 1840 1161 1899 monuimus.

47 1934 187 2011 Quomodo
215 1939 296 1998 haec
324 1940 585 2020 interpretationis
604 1942 736 2003 Latinae
761 1940 883 1999 omissio
902 1940 992 1999 simul
1015 1941 1161 2012 effecerit,

48 2046 74 2093 ut
96 2039 233 2098 librarius
260 2039 366 2118 plures
389 2040 490 2100 lineas
512 2040 649 2101 Graecas
677 2042 827 2113 omiserit,
856 2059 950 2118 supra
976 2061 1099 2121 quoque
1122 2040 1165 2099 nd

47 2136 75 2208 4,
100 2137 147 2211 18,
169 2138 220 2200 20.
250 2141 312 2199 iam
332 2141 547 2219 explicuimus.
593 2141 657 2202 Sed
682 2151 786 2201 tamen
811 2141 865 2199 vel
891 2140 936 2199 sic
959 2141 1108 2199 nonnulle
1129 2142 1162 2198 in

48 2236 85 2294 his
103 2240 248 2318 pristinae
270 2242 440 2320 integritati
460 2242 580 2301 restitui
600 2250 738 2320 possunt.

363 2411 434 2469 Lm.
457 2409 530 2469 VII.
562 2427 633 2468 οΑΡ.
658 2407 707 2468 16.
730 2406 760 2484 ἓ.
782 2405 829 2465 11.

117 2544 243 2614 ‚Montes
268 2562 374 2620 quoque
396 2548 522 2602 altissimi
540 2547 667 2603 decident
686 2553 713 2602 et
729 2547 826 2618 planis
848 2543 1054 2615 aequabuntur:
1082 2556 1163 2597 mare

48 2643 209 2716 ι’νιοοιίγοοίἱο
237 2650 416 2704 constituetur
443 2643 514 2724 (hee
540 2654 602 2707 tres
631 2664 726 2703 voees
756 2643 867 2702 desunt
894 2639 1099 2719 incedit).
1127 2660 1163 2699 ao

49 2737 112 2814 (etc.
128 2742 177 2822 R.)
198 2763 237 2803 ιιο
262 2748 328 2820 quid
347 2749 427 2803 ιαοῖιζι
447 2748 753 2816 Ιιοιαὶαααιονναοραο
770 2745 853 2815 desit,
875 2745 1004 2800 audietur
1025 2760 1041 2800 e
1063 2751 1093 2814 (ι
1108 2742 1159 2802 de·
1194 2767 1198 2773 ·

49 2850 86 2899 est
103 2846 132 2902 in
151 2867 176 2904 c.
199 2845 255 2924 R.)
275 2850 348 2904 coelo
371 2848 450 2917 tubo,
472 2850 547 2920 quod
562 2848 615 2901 Ιιοο
636 2845 715 2899 modo
738 2845 843 2916 Sibylla
864 2845 1026 2899 denunmct:

197 2938 325 3025 σάλπιγξ
343 2934 510 3023 οὐρανόθεν
530 2932 637 3018 φανὴν
658 2934 854 3018 πολύθρηνον
875 2929 1015 3016 ὐφήσειίί,

50 3041 92 3100 ubi
113 3037 168 3125 γάρ
188 3058 261 3127 post
282 3039 404 3122 σάλπιγξ
431 3046 568 3102 inserunt
588 3042 619 3101 A
639 3052 669 3101 et
689 3042 724 3101 O.
768 3043 884 3102 Versus
907 3042 1039 3100 occurrit
1061 3044 1093 3101 iu
1114 3044 1161 3103 Si·

49 3141 158 3220 byllinis
173 3146 203 3207 8.
226 3169 257 3206 v.
274 3145 363 3218 239„
385 3146 438 3203 ubi
457 3134 486 3204 d’
510 3143 640 3203 infertur
661 3153 731 3224 post
751 3135 885 3221 σόλιιιγξ.
922 3140 1076 3202 Observut
1098 3144 1160 3223 Op-

48 3262 163 3322 sopseus
184 3257 324 3308 veterem
343 3246 499 3304 Laetantii
520 3246 657 3306 codicem
680 3246 754 3306 dare
776 3236 934 3324 οὐρανόθι.
979 3245 1022 3305 Ut
1045 3246 1083 3305 de
1103 3247 1163 3305 hoc

49 3342 180 3422 dubitem,
201 3349 278 3407 facit
297 3354 401 3406 noster
423 3346 502 3406 liber
521 3348 666 3427 scriptus,
688 3348 741 3428 qui
762 3347 806 3406 sic
825 3347 935 3423 hebet:

178 3472 182 3480 ·
284 3447 412 3520 οοοΠΗξ

285 3549 429 3625 oypaude
588 3548 592 3554 ’
694 3548 828 3606 chunna

284 3648 441 3728 Hoayopn
692 3648 871 3725 nonapneci

51 3761 67 3796 1.
85 3765 109 3802 e.

200 3848 314 3924 σαλιιηξ
335 3852 468 3927 ονρανθε
489 3868 594 3924 φωνην
611 3848 807 3922 πολοθρηνον
827 3859 938 3923 αρησει.
998 3839 1000 3844 ’

50 3939 132 4003 Vides
153 3967 174 4005 Η
195 3969 250 4026 pro
273 3970 303 4026 ιγ
324 3950 470 4028 positum,
493 3969 509 4007 o
531 3957 561 4008 et
583 3970 601 4006 ν
619 3948 712 4006 finale
734 3946 766 4002 in
782 3933 950 4024 οὐρανόθεν
970 3946 1082 4002 omissa
1098 3952 1128 4002 et
1143 3964 1169 4021 p·

50 4057 95 4114 Pro
109 4065 131 4118 φ
143 4049 283 4124 positum.
319 4051 402 4109 Hinc
418 4048 614 4130 Opsopaeum
635 4050 667 4107 in
683 4066 738 4105 suo
754 4065 875 4125 quoque
894 4045 1000 4104 codice
1016 4033 1166 4120 οὐρανόθι

51 4147 188 4219 reperisse
212 4150 267 4208 sed
288 4139 437 4229 οὐρανόθι
457 4150 572 4227 legisse
593 4148 694 4209 oredo.

490 4315 586 4375 Ibid.
610 4313 641 4391 §-
662 4313 710 4373 13.
1182 4329 1208 4370 ιο

125 4446 196 4514 „His
219 4459 245 4505 et
269 4454 332 4508 aliis
354 4452 484 4524 pluribus
512 4453 593 4507 malis
620 4450 735 4506 solistdo
760 4449 923 4517 (sollicitudo
944 4466 970 4504 o.
994 4441 1045 4521 R.)
1070 4447 1120 4517 fiet
1137 4447 1165 4500 in

489 4548 493 4556 .
912 4544 931 4604 6
941 4544 959 4583 ,ρ
