2884 5184
350 465 537 525 uuluuus
562 467 830 516 suuuuuuus.
1120 461 1161 522 37

33 639 112 722 quud
125 660 199 700 sane
229 642 335 701 lenius
365 640 514 713 decurrit,
541 660 632 722 quum
659 651 695 701 ut
723 662 803 703 nunc
823 642 990 705 a'Reiskio
1010 644 1083 707 indu
1106 644 1159 724 (ef.

32 743 93 802 Not.
109 744 140 801 in
158 743 297 802 Theocr.
319 764 350 822 p.
374 739 460 820 272.)
483 744 579 803 oratio
603 742 815 821 distinguitur:

107 882 110 888 ·
181 831 244 901 udin
268 831 371 921 ὀλίγον
388 834 495 915 νυκτός
515 863 558 915 τις
582 836 782 927 ἔπιψᾶυσῃσι,
803 834 855 904 τὸν
875 835 973 904 ύπνον

183 925 342 1002 αἰφνίδιον
359 948 387 986 ιι.
409 948 435 987 ι.
455 928 481 985 λ.

32 1028 97 1089 Post
120 1048 149 1086 v.
179 1025 252 1086 194.
286 1029 428 1088 lacunam
459 1028 550 1089 unius
583 1028 692 1089 saltem
728 1049 837 1090 versus
869 1049 937 1090 esse
962 1031 1097 1091 *credidit
1127 1043 1160 1094 ut

32 1128 258 1190 Rhodomaunus
272 1139 305 1190 et
315 1129 511 1209 Tychsenius
524 1129 683 1209 (Prolegg.
699 1151 730 1209 p.
742 1126 882 1207 xum,
899 1129 954 1190 sod
964 1131 1054 1192 male.
1077 1133 1158 1193 Num

563 1229 596 1291 ολ
614 1223 644 1290 δ’
667 1218 723 1290 ἄπ’
742 1217 892 1307 Ὀλύμπου
1061 1230 1064 1237 ’

182 1311 215 1372 οί
227 1309 285 1390 μὲν
299 1334 363 1416 yde,
380 1304 526 1374 κύδαινον
539 1305 685 1393 Ἀχιλλίος
701 1306 827 1393 ὄβριμον
848 1305 916 1391 υλα,

182 1396 214 1457 οἱ
239 1386 270 1456 δ’
295 1419 351 1457 αυτ
385 1389 567 1476 ὓλρύπυλον
587 1395 740 1475 θεοειδέα,

34 1496 101 1556 bene
119 1518 152 1557 se
171 1498 284 1576 habet3
309 1498 347 1558 ef.
368 1499 505 1559 Brunck.
528 1500 568 1559 ad
590 1498 686 1578 Soph.
707 1498 814 1576 Antig.
836 1519 867 1558 v.
890 1496 940 1559 21.
971 1502 1079 1562 Matth.
1101 1501 1155 1565 Gr.

36 1595 80 1655 Gr.
99 1595 127 1673 ᾗ.
149 1597 222 1660 319.

35 1720 59 1755 v.
78 1696 142 1759 234.
185 1685 229 1761 ὧν
250 1692 379 1761 ἄπλετον
399 1689 490 1778 μετὰ
511 1696 642 1781 χερσίν
661 1689 802 1777 δπίρρεεν
823 1690 898 1777 αἷμα
920 1688 1101 1763 κελαινὸν

184 1778 287 1845 αὐτῶν
307 1773 359 1862 ἠδ’
382 1783 491 1845 ἵππων.

37 1883 112 1945 Unde
138 1878 210 1964 αἷμα
235 1879 376 1946 κελαινὸν
404 1888 459 1959 sit,
487 1885 608 1959 nescio,
634 1885 778 1967 quoniam
801 1885 839 1946 de
860 1895 964 1947 textus
985 1888 1157 1967 Tychsenii

37 1987 195 2048 auctoritate
217 1987 371 2048 nihildum
384 1987 473 2047 nobis
492 1996 621 2047 constat.
658 1987 709 2045 Ex
726 1986 882 2047 codicibus
903 1995 1006 2048 tamen
1028 1989 1154 2050 fluxisse

37 2084 155 2164 videtur3
176 2108 262 2162 nam,
285 2090 317 2148 ni
332 2089 375 2147 ita
395 2096 490 2160 esset,
512 2087 605 2147 lectio
625 2086 842 2147 Rhodomanni
864 2080 937 2166 αἷμα
957 2086 1021 2148 καλ
1043 2082 1156 2168 ίδρδις

37 2205 87 2243 nou
105 2190 274 2267 spernenda
292 2190 411 2250 fuisset.
457 2187 520 2248 Sed
542 2186 617 2268 quid
637 2176 708 2264 μεταλ
730 2184 829 2266 χερσίν
850 2187 909 2247 sibi
929 2189 1019 2261 velit,
1039 2191 1154 2250 neseio.

39 2284 153 2347 Tentavi
172 2291 243 2349 olim
264 2276 356 2365 μεταλ
380 2286 498 2367 δῆριν.

38 2383 78 2444 De
95 2408 123 2445 v.
143 2386 212 2449 303.
239 2390 281 2449 cf.
302 2388 416 2448 Adnot.
440 2389 480 2449 ad
503 2388 535 2461 1,
565 2385 638 2447 759.

39 2504 62 2542 v.
81 2485 143 2548 321.
163 2511 216 2570 pro
239 2479 515 2570 ἆνεσιιαίρεσιιε
530 2486 696 2566 legendum
718 2486 840 2547 videtur
862 2473 1153 2568 ἆνασιιαίρεσκε.

40 2605 64 2642 v.
82 2586 144 2648 331.
182 2582 221 2664 ὥς
243 2584 277 2651 δ’
297 2583 344 2651 διε
365 2613 409 2663 τις
429 2590 533 2674 μυίῃσι
551 2585 618 2668 περὶ
638 2580 748 2668 γλάγος
769 2582 997 2682 ἕρχομίνῃσιΙ

181 2695 264 2774 χεῖρα
282 2683 465 2773 περιρῤῆσσῃ
488 2692 595 2770 κοῦρος
617 2686 690 2761 νέος.

41 2783 120 2861 Vide,
145 2812 183 2850 ne
203 2792 300 2853 fuerit
322 2787 388 2870 περὶ
415 2778 524 2869 γλάγος
546 2781 791 2872 ἀγρομένῃσι.
836 2789 924 2848 Idem
944 2791 1072 2850 verbum
1093 2792 1153 2851 for·

42 2892 107 2949 tasse
124 2912 240 2975 quoque
259 2890 482 2952 restituendum
505 2891 559 2964 11,
581 2886 657 2948 149:

182 2979 246 3054 εὖτε
267 2989 335 3071 περὶ
356 2992 509 3071 σταφυλῆς
530 2979 728 3071 αύαινομὲνῃς
750 2984 783 3050 ἐν
804 2982 906 3074 ὀπώρῃ

184 3088 394 3174 ἐρχομένοις
416 3088 550 3163 ίςίδοτσιν
566 3088 740 3170 (μελίσσας).

45 3182 153 3267 Saepius
171 3195 249 3257 haec
272 3193 332 3255 duo
352 3193 449 3254 verba
464 3192 592 3253 confusa
608 3199 694 3269 σουλ,
715 3194 755 3253 ef.
774 3193 863 3253 Varr.
878 3193 963 3253 lectt.
979 3191 1019 3251 ad
1035 3191 1157 3252 Ooluth.

43 3304 66 3341 v.
80 3285 142 3349 312.
162 3293 262 3355 Bekk.
300 3294 353 3354 sic
375 3314 498 3376 quoque
519 3294 646 3354 confusa
668 3290 809 3374 ἔγρίσθαι
828 3304 859 3354 et
880 3291 1027 3374 ἔρχεσθαι.
1051 3291 1156 3371 Quint.

45 3379 145 3464 Smyrn.
172 3394 207 3468 4,
237 3393 311 3455 521.
345 3415 400 3475 pro
431 3393 564 3472 χείματος
595 3390 806 3474 ἐγρομένου
835 3396 906 3475 lege
937 3390 1158 3474 ἐρχομένους

47 3480 88 3558 13,
106 3489 172 3552 464.
187 3516 243 3575 pro
260 3485 333 3572 φλὸξ
349 3486 378 3554 δ’
397 3484 449 3575 ἄρ’
466 3490 495 3566 ἕς
507 3483 581 3574 ῆὲρα
597 3496 666 3556 δῖαν
683 3484 867 3577 ἆνέγρετο
881 3497 952 3574 lege
971 3485 1156 3574 ανίρχετο.

45 3601 68 3639 v.
87 3583 149 3650 358.
479 3584 550 3655 ελσε
570 3592 625 3671 μεν
645 3586 740 3672 εσοεὴ

188 3686 313 3768 Παλλὰς
335 3692 380 3755 ἐνὶ
399 3693 491 3778 πεδίῳ
517 3687 627 3775 Τρώων
648 3691 753 3771 μένεν,
772 3683 848 3756 ἆλλδ
870 3690 921 3753 καλ
943 3681 1019 3768 αύτῆ

185 3787 245 3870 λξεν
258 3786 431 3875 Ἀθηναίων
449 3785 530 3876 ίερδν
550 3791 594 3854 πί
601 3793 678 3853 δον.

47 3861 132 3930 Malim
150 3870 225 3956 ίερδν
247 3876 342 3954 ἕδος.

48 3980 71 4018 v·
83 3964 144 4031 665.
163 3999 216 4057 pro
239 3974 389 4064 μεγάλῳ
405 3980 599 4041 scribendum
612 3978 736 4039 videtur
752 3971 891 4057 μεγάλου.
915 4009 957 4021 -
978 3996 1009 4035 v.
1026 3972 1157 4035 366.1ο-

49 4069 158 4137 gendum
179 4101 245 4143 usse
265 4073 309 4141 ὅν
329 4100 369 4159 γε
389 4079 540 4160 κίχησε,
562 4081 665 4141 monui
687 4079 728 4139 ad
749 4079 785 4153 6,
807 4076 880 4138 598.

49 4158 160 4236 16675.
181 4203 246 4265 sqq.
269 4182 381 4261 Argivi
590 4172 669 4258 σἰμφλ
687 4175 720 4239 δὲ
740 4170 874 4259 πύργους
957 4218 960 4222 -

187 4274 361 4364 μύρνασθαι
378 4284 525 4361 μεμαῶτες
546 4274 751 4342 ἐκυκλώσαντο
769 4271 880 4356 πόληα·
1052 4364 1054 4367 v

188 4381 219 4443 οί
237 4375 267 4444 δ’
291 4376 351 4465 ἄρα
374 4382 529 4465 (Trojuni)
552 4369 604 4465 ῆσι
624 4371 755 4464 πύλῃσιν
776 4371 998 4460 ἕπειρύσσαντες
1014 4366 1104 4456 ὀχῆας

189 4478 221 4543 ἐν
239 4477 432 4564 τεύχεσσιν
453 4482 577 4563 ἔμιμνον
592 4478 796 4559 ἐπεσσομένων
813 4477 901 4557 μένος
921 4469 1049 4560 ἀνδρῶν.
