2884 5184
378 452 574 502 orreum
597 454 840 504 sreruuiur.
1026 443 1030 452 '
1122 450 1180 510 117

247 626 303 699 είς
341 617 379 687 τό
417 627 548 687 δοκεῖν
584 621 831 708 προχάρισμα
872 620 954 689 τεόν
990 629 1180 694 πάντεσσι

533 728 733 808 βροτοῖσιν

249 822 284 888 εἲ
291 851 363 891 ναι.

45 933 68 989 h.
91 951 116 989 e.
140 938 174 988 ut
203 952 314 991 omues
345 932 489 991 mortales
511 930 653 1004 videant,
682 940 765 988 tuam
782 949 858 1006 prae
879 931 1007 1011 reliquis
1030 933 1175 996 dilectam

43 1041 139 1091 terram
170 1032 257 1090 hanc
286 1032 392 1090 fuisse.
438 1030 582 1091 Ceterum
611 1028 721 1105 scripsi
747 1032 880 1112 τραφερή
905 1051 961 1110 pro
989 1038 1121 1115 τραφερή
1142 1048 1173 1097 et

43 1129 172 1207 ε’πίδωμεν
206 1154 266 1211 pro
300 1129 453 1209 ἕπιδάμεν.
490 1116 642 1209 τραφερήν
669 1130 761 1206 μαῖαν
794 1129 872 1190 dixit
904 1153 1029 1213 quoque
1065 1133 1172 1211 Quint.

43 1231 150 1310 Smyru.
175 1232 207 1306 5,
234 1232 307 1293 537.

41 1356 65 1391 v.
76 1332 143 1392 352.
151 1357 223 1415 sqq.
242 1323 331 1404 αὐτὸς
352 1325 508 1405 δυςμενέας
528 1316 560 1387 δ’
583 1319 697 1408 άνὸρας
718 1323 781 1389 τότε
800 1322 856 1390 οὐκ
878 1327 1002 1407 ε’λεήσει,

242 1426 343 1512 ἀρνῶν
364 1419 415 1505 ἡδ’
438 1417 529 1502 όΐων,
549 1423 669 1506 μόσχων
690 1421 719 1489 τ’
744 1419 851 1508 άχέλας
872 1425 1012 1507 ε’μμάκων

241 1520 554 1604 ἕκθνσιάζουτες,
573 1522 723 1607 μόσχων
743 1523 918 1608 μεγάλων
936 1528 1122 1612 κεροχρόσων

238 1621 367 1705 άψόχοις
387 1620 425 1685 θ’
448 1626 549 1706 ἕρμαῖς
572 1628 704 1702 καὶτοῖς
726 1632 869 1691 λιθίνοισι
888 1636 1014 1692 θεοῖσιν.

40 1732 208 1812 Lugendum
236 1748 306 1787 esse
332 1721 647 1804 ἐκθυσιάζοντας,
677 1733 747 1793 luce
778 1734 890 1792 elarius
918 1744 974 1793 est.
1019 1735 1169 1813 Quamvis

40 1854 99 1893 vero
125 1833 158 1889 in
179 1830 242 1887 hae
266 1829 458 1888 oraculorum
480 1832 636 1910 farragine
658 1833 860 1894 insulsissima
882 1858 1006 1918 quoque
1029 1859 1085 1897 nos
1107 1861 1169 1899 non

39 1932 182 1992 offendere
205 1929 354 2002 debeant,
377 1940 479 1991 tamen
500 1926 619 2011 μόσχων
636 1932 772 2014 μεγάλων
795 1958 835 1995 ex
851 1959 944 1998 versu
959 1940 1166 2018 praecedente

39 2033 190 2110 repetitum
213 2031 336 2091 videtur
359 2041 390 2091 et
411 2032 606 2094 substitutum
624 2037 655 2095 in
677 2038 778 2096 locum
799 2039 960 2099 verborum
977 2043 1167 2120 quorundam

38 2133 271 2210 deperditorum,
294 2133 398 2213 qualia
414 2136 480 2193 fere
495 2146 565 2195 suut
582 2130 732 2213 ταόρων
749 2126 777 2195 τ’
796 2127 934 2215 άχὲλας
954 2135 1147 2218 κεροχρόσων.

38 2256 61 2291 v.
75 2233 142 2293 394.
160 2256 210 2314 sq.
234 2222 332 2293 οόκέτι
353 2224 411 2313 χόιρ
432 2227 514 2316 παρά
536 2241 595 2296 σεῖο
615 2238 700 2314 τεής
717 2233 957 2312 φιλοθρὲμμονος
975 2232 1047 2317 iiiuc

236 2332 418 2412 παρθενικαὶ
439 2339 546 2417 κοῦραι
567 2338 628 2414 πῦρ
649 2333 756 2394 ἔνθεον
778 2326 965 2412 εὖρήσουσ
972 2360 1016 2396 ιν.

36 2436 109 2495 Bene
133 2436 320 2515 Opsopaeus
345 2426 571 2517 όρήσουσιν.
615 2438 676 2495 Pro
699 2437 775 2495 vitio
797 2437 1022 2515 typographico
1041 2431 1096 2514 τήν
1116 2441 1169 2511 τῆς

36 2539 149 2616 reposui
168 2538 244 2613 τεῆς.
267 2572 308 2581 -
330 2538 379 2598 De
401 2560 453 2598 vv.
470 2537 542 2599 433.
565 2561 632 2621 sqq.
657 2539 696 2599 ef.
720 2559 801 2619 quae
824 2538 906 2598 dicta
929 2548 999 2598 sunt
1022 2540 1062 2598 ad
1076 2541 1164 2598 Laet.

36 2639 123 2697 Instit.
146 2640 183 2712 4,
207 2639 237 2712 6,
256 2639 286 2698 5.

36 2761 60 2796 v.
76 2741 145 2800 460.
162 2763 210 2821 sq.
234 2737 267 2800 ἕν
286 2762 315 2800 τε
332 2739 517 2824 Μακηδονίχ
534 2739 586 2801 καὶ
604 2738 636 2801 ἕν
652 2731 765 2802 Ἀσσίδι
787 2741 837 2801 καί
856 2742 998 2804 Λυκίοισι

237 2833 476 2921 κοσμοκαρὴς
495 2836 635 2919 πόλεμος,
658 2842 859 2920 πολυαίματος
877 2840 909 2901 ἐν
928 2841 1071 2923 κονίῃσιν.

37 2934 217 3024 κοσμοκαρής
243 2945 317 3025 quid
345 2946 400 3017 sit,
429 2946 550 3017 neseio,
578 2944 718 3023 quamvis
741 2944 780 3001 ab
804 2944 970 3023 Opsopaeo
996 2960 1068 3018 pag.
1092 2935 1164 2997 618.

35 3046 190 3105 lectionem
210 3047 290 3106 hanc
311 3047 411 3105 locum
431 3046 547 3105 habere
570 3063 661 3122 posse
686 3044 881 3103 concedatur.
920 3042 982 3118 Qui
1003 3059 1074 3097 num
1098 3058 1165 3097 eam

37 3167 95 3206 eum
108 3138 225 3227 άκαρής
237 3148 409 3219 contulerit,
426 3155 459 3207 ut
472 3146 511 3204 sit
526 3145 701 3203 muudum
717 3147 828 3225 quasi
844 3152 1038 3212 atterens,
1050 3139 1167 3198 neseio.

38 3248 93 3309 Sed
112 3251 193 3310 bene
220 3251 279 3307 Ms.
305 3248 429 3308 Gallaei
455 3247 543 3307 offert
564 3235 819 3324 κοσμομανής,
842 3267 933 3326 quam
961 3263 1084 3313 vocem,
1106 3260 1168 3298 non

36 3352 125 3410 minus
143 3352 176 3409 in
197 3350 307 3410 lexicis
324 3349 532 3421 deficientem,
554 3349 586 3406 in
602 3349 694 3407 simili
709 3370 801 3408 versu
815 3349 962 3427 reperies.
984 3368 1015 3405 v.
1032 3343 1103 3405 360.
1120 3364 1166 3423 sq.

234 3447 347 3510 ἔσσεται
368 3441 495 3531 ὖστατίῳ
512 3450 608 3529 καιρῷ
628 3446 695 3528 περὶ
716 3446 807 3529 τέρμα
826 3441 949 3526 σελήνης
1097 3432 1098 3436 ¹

240 3540 482 3628 κοσμομοινής
504 3543 700 3626 πόλεμοςκαὶ
722 3547 879 3619 ἐπίκλοπος
901 3545 933 3606 ἐν
955 3545 1102 3626 κονίῃσιν.

36 3677 62 3712 v.
83 3656 154 3715 491.
239 3653 291 3712 κοιί
310 3674 354 3723 τις
374 3649 436 3730 ἐρεῖ
453 3654 512 3709 τῶν
532 3648 635 3728 ἱερέων
655 3644 874 3719 λινσόσσιος
893 3638 980 3722 άνήρ.

37 3755 106 3816 cod.
127 3758 209 3817 Pith.
229 3745 382 3825 λισόσσιος.
421 3753 537 3812 Castal.
558 3752 684 3826 interpr.
707 3750 795 3806 Lat:

195 3860 308 3937 Deque
329 3854 521 3914 sacerdotum
542 3870 667 3911 numero
690 3847 814 3930 quidam
835 3846 883 3904 vir
904 3845 1068 3902 amictus

193 3960 290 4017 lino:
314 3955 462 4035 agedum,
486 3954 583 4025 dicet,
605 3950 765 4011 delubrum
784 3947 1019 4020 constituamus3

37 4068 66 4116 ut
88 4067 252 4140 appareat,
276 4079 345 4117 eum
373 4058 533 4134 eleganter
563 4063 593 4114 et
622 4055 648 4113 si
678 4050 752 4132 quid
777 4047 869 4107 video
891 4066 965 4105 vere
994 4044 1166 4104 correxisse

38 4156 266 4232 λινόστολος;
295 4160 432 4240 loquitur
451 4159 531 4217 enim
555 4155 676 4233 Sibylla
699 4154 739 4212 de
758 4142 1165 4221 sacerdotibus'Aegyptiis.

518 4325 589 4381 Lm.
612 4321 697 4400 vn„

41 4482 67 4519 v.
87 4461 134 4523 84.
200 4460 314 4541 ῥαίνων
334 4454 387 4520 σὸν
404 4451 575 4534 βάπτισμα,
595 4447 636 4514 δι’
661 4439 699 4514 οὗ
719 4441 839 4532 πυρός
860 4438 1109 4525 ἕξεφαάνθης.
