2884 5184
256 435 298 495 64
591 430 792 492 oan'cunn
814 442 1052 491 sisinnum

215 652 218 657 ·
255 619 342 698 paei,
360 618 439 677 alter
452 626 571 678 noster:
590 618 644 676 ubi
657 619 702 677 sie
715 618 802 676 locus
815 618 1003 695 perscriptus
1021 623 1086 674 eat:
1115 611 1379 693 anepulIoullnee

256 713 1379 795 eutaoyHaaenaioaiteeinonkeIIaanuoenoohieaoaicoeellinoipananee

256 802 1155 893 ateiutoyOanataoytnmeinteaabenatatoytekakocylle,
1177 811 1262 892 quod
1284 820 1344 870 est:

383 917 547 992 ανθρναῑαν
567 915 739 971 πλασθενεα
759 915 803 971 θν
825 912 892 992 (pro
908 909 981 987 θον)
1006 913 1153 986 πλασμαις
1173 926 1288 969 αιτεσιν

383 1030 453 1069 orm
472 1012 620 1087 πλανησεν
641 1031 710 1086 οφις
732 1010 839 1082 δολιως
860 1029 907 1070 rm
929 1029 1037 1088 μοιραν
1059 1012 1215 1068 ανεελθειν

382 1128 436 1167 τον
460 1113 617 1169 θαναταον
644 1125 756 1187 γνωσιν
782 1110 902 1188 τελαβεν
925 1112 1045 1186 αγαθον
1070 1129 1100 1167 τε
1128 1122 1243 1168 saxono
1272 1127 1311 1167 πε

256 1208 308 1267 ubi
333 1209 481 1284 πλασμαις
508 1208 574 1267 sive
602 1211 754 1284 παλσμαισ
784 1208 866 1287 (nam
886 1208 931 1267 sio
950 1228 1072 1289 quoque
1093 1209 1157 1287 legi
1178 1206 1297 1288 potest)
1318 1204 1382 1264 nihil

257 1315 304 1366 est
324 1307 384 1365 nisi
406 1324 490 1364 error
510 1325 566 1384 pro
588 1309 746 1384 παλαμαις.
789 1308 876 1385 Lego
895 1304 981 1366 vero’

383 1396 547 1483 ἄνθρωπον
567 1401 738 1465 πλασθὲνεα
757 1407 833 1465 θεοῦ
853 1395 1004 1482 παλάμαις
1019 1394 1162 1464 αὐταῖσιν
1262 1470 1265 1475 ,

382 1493 419 1564 lv
439 1496 626 1580 παελνὶνηκεν
643 1493 713 1579 ὄφις
732 1511 807 1576 ete,

256 1624 327 1662 nam
351 1603 473 1684 reliqua
500 1601 610 1662 mendo
640 1611 768 1678 vaoant3
800 1593 989 1678 πεπλανηαεν
1015 1622 1089 1660 vero
1115 1603 1226 1682 scripsi
1247 1604 1379 1683 quonian

256 1723 358 1783 neque
382 1697 412 1759 τὲ
437 1721 539 1781 neque
565 1696 598 1759 πὲ
621 1701 718 1780 (quod
746 1702 778 1760 in
799 1701 852 1760 illo
876 1697 927 1759 rol
948 1710 1087 1760 veterum
1112 1701 1284 1767 editionum
1303 1703 1379 1760 etiam

257 1801 354 1858 latere
379 1796 512 1874 videtur)
541 1818 657 1878 neque,
687 1798 771 1879 quod
793 1800 872 1858 alius
893 1800 960 1879 quis
982 1820 1132 1880 reponere
1153 1801 1270 1879 possit,
1290 1796 1324 1878 γὲ
1341 1800 1378 1857 hic

258 1908 330 1978 apta
351 1897 502 1957 videntur.
548 1895 611 1956 Sed
629 1917 663 1971 κ,
688 1915 726 1967 π,
750 1906 814 1956 etr
837 1898 1016 1977 saepissime
1036 1900 1163 1958 confusa
1184 1899 1334 1972 vidimus,
1355 1908 1379 1955 nt

257 1997 359 2056 atatim
387 1998 419 2056 in
448 1997 508 2056 fine
537 1998 643 2055 horum
670 2016 815 2056 versuum
836 2015 873 2055 πε
890 2017 945 2078 pro
967 2017 1012 2068 τες
1041 2007 1072 2058 et
1094 2008 1164 2060 oet
1187 2020 1205 2058 κ
1231 2000 1378 2059 confusum

256 2096 416 2157 habuimus
430 2098 496 2175 jam
519 2116 612 2176 supra
632 2096 685 2157 lib.
705 2094 732 2169 l,
756 2094 785 2155 6.
808 2094 857 2154 15.

617 2265 688 2325 Ina.
709 2263 752 2322 Π.
777 2280 848 2322 cnr.
870 2261 917 2323 16.
940 2262 971 2340 ἓ.
994 2251 1021 2324 1'.

342 2402 434 2459 „qum
456 2391 548 2443 omnm
571 2402 628 2459 per
652 2402 683 2442 se
703 2385 780 2457 falsa
802 2390 880 2453 sunt,
907 2390 938 2440 ut
958 2384 1062 2457 Sibylla
1082 2384 1244 2458 Erythraea
1267 2392 1378 2450 testato,

556 2548 560 2555 .
706 2476 768 2539 ἐπεὶ
788 2472 887 2557 πλάνη
907 2472 1005 2539 πάντα
1026 2472 1092 2539 τάδ’
1115 2477 1192 2540 ἐστὶν

385 2570 459 2660 ὅπερ
480 2571 608 2658 ἄφρονες
625 2571 731 2657 ἄνδρες
752 2575 891 2658 ἐρευνῶσι
910 2569 978 2638 κατ’
999 2563 1110 2659 ἦμαρ.“

258 2677 311 2736 ubi
332 2678 408 2736 nihil
426 2678 548 2737 variant
567 2678 731 2751 editiones,
753 2679 813 2737 nisi
829 2678 910 2758 quod
927 2668 1002 2737 κατὰ
1016 2664 1097 2759 ἦμαρ
1109 2680 1226 2739 habent
1242 2680 1284 2753 A,
1299 2681 1334 2751 B,
1351 2678 1378 2736 Ο.

258 2776 296 2834 In
317 2777 347 2834 D
369 2777 449 2836 hano
470 2786 573 2836 notam
597 2777 736 2836 invenio:
774 2778 852 2848 „Hos
872 2794 969 2836 oermra
987 2781 1067 2836 aliter
1093 2788 1227 2836 memorat
1246 2781 1379 2852 Betalejm

592 2864 629 2934 tol
650 2865 708 2954 yolo
729 2870 829 2933 mloivu
849 2868 947 2933 mrim
964 2872 1097 2950 πέφυκεν

384 2967 458 3034 ὅσσα
478 2994 530 3033 κεν
547 2964 675 3054 ἄφρονες
697 2964 803 3052 ἄνδρες
825 2967 983 3049 ἐρευνῶσιν
1003 2963 1079 3033 καθ’
1102 2959 1213 3052 ἦμαρ.“

216 3090 240 3130 ar
260 3070 349 3149 Quae
372 3075 521 3152 scriptura
544 3082 591 3133 est
610 3072 757 3132 librorum
779 3069 999 3148 Sibyllinorum
1021 3070 1049 3146 3,
1072 3094 1102 3131 v.
1124 3069 1196 3131 228.
1220 3094 1266 3153 sq.
1304 3072 1376 3131 Alio·

257 3170 347 3228 modo
372 3190 480 3229 versus
500 3172 556 3229 hos
576 3161 718 3249 ἆμέτρανς
740 3188 863 3248 prorsus
886 3178 976 3228 sanat
999 3170 1097 3231 eodex
1116 3171 1376 3247 Regiomontanus,

257 3266 310 3323 ubi
339 3267 384 3323 sie
418 3268 545 3343 legitur:
582 3266 1377 3350 eIliIIaanaHantataaeotiuooaIlepaobponeeanape

259 3364 637 3444 oepeynmeinkatannap,
661 3364 744 3445 quod
766 3374 828 3425 est:

716 3481 764 3520 επι
784 3465 883 3522 πλανα
902 3482 1000 3522 παντα
1018 3465 1074 3523 wil
1091 3481 1169 3525 εστιν

384 3577 493 3641 σσαπερ
515 3581 641 3642 αφρννες
661 3560 768 3642 ανδρες
789 3579 947 3642 ερεννωσιν
967 3584 1042 3622 κατα
1063 3586 1158 3643 ημαρ,

258 3681 338 3742 quae
363 3661 451 3722 nulla
473 3683 512 3722 ne
535 3663 658 3722 minima
688 3661 811 3742 quidem
839 3664 1006 3723 mutatione
1028 3664 1181 3741 indigent,
1208 3667 1270 3724 nisi
1290 3661 1377 3723 lolio

258 3757 319 3821 ἐπεὶ
341 3770 469 3835 mutato,
493 3770 524 3822 et
541 3753 650 3842 ὅσαπερ
670 3763 702 3820 in
721 3752 858 3841 ὅσσαπερ.

617 3930 688 3988 Lm.
712 3929 768 3989 IV.
797 3948 868 3989 oie.
892 3928 921 3989 6.
944 3927 974 4005 ἓ.
995 3929 1025 3988 5.

344 4047 469 4121 „Sibylla
487 4049 649 4122 Erythraea
676 4053 706 4105 in
732 4052 864 4105 carminis
889 4052 933 4105 rui
954 4035 1115 4121 principio,
1145 4050 1219 4121 quod
1246 4067 1265 4104 a
1285 4063 1375 4106 summo

257 4144 317 4200 Deo
340 4161 446 4202 exorso
473 4153 529 4212 ert,
554 4149 640 4218 filr'am
658 4147 712 4203 Dei
734 4149 829 4205 ducem
857 4154 884 4203 et
909 4150 1103 4219 imperatorem
1124 4150 1244 4204 omnium
1265 4148 1307 4204 tis
1323 4161 1375 4202 rer·
1410 4120 1411 4135 .

257 4240 332 4296 aibas
353 4242 456 4309 (verbis
475 4241 541 4298 eod.
560 4241 713 4320 Regiom.)
727 4247 886 4317 praedicat.

382 4330 592 4414 πανεατρόφνν
611 4336 744 4415 κτίστην,
763 4330 842 4410 ὅστις
862 4328 957 4417 γλυκὺ
977 4341 1093 4415 πνεῦμα
1111 4331 1205 4398 ἅπασι

386 4423 528 4507 κάτθετο,
548 4426 577 4509 χ’
597 4426 732 4515 ἡγητῆρα
752 4439 834 4496 θεῶν
854 4428 976 4496 πάντων
998 4434 1129 4514 ἐποίησε,
