2884 5184
238 421 257 482 8
559 428 830 476 APOLLONIUS
852 426 1056 475 aflonlua

239 601 361 683 δήνεσιν
381 624 411 662 v.
433 600 510 677 6613
534 622 614 681 quae
633 601 707 683 qnid
726 601 892 678 significet,
913 600 1106 660 nullomodo
1127 604 1287 681 expiscari
1311 623 1387 681 pos

239 729 315 767 sum.
359 705 440 764 Nam
471 700 562 780 δήνεα
586 705 631 762 ita
658 703 831 782 explicare,
861 710 896 762 ut
919 703 1136 763 Lachmannus
1163 712 1269 764 noster
1306 705 1388 763 fecit

242 808 281 867 ad
297 808 390 884 Prop.
413 803 448 877 4,
469 802 525 878 23,
549 802 586 863 18
607 803 657 881 (3,
679 801 734 875 24,
759 801 830 879 18),
852 806 905 885 qni
927 806 1087 883 amplexus
1109 813 1263 864 amantum
1287 806 1388 864 intel·

240 909 322 985 ligit,
349 926 422 966 usus
448 907 595 965 sermonis
624 926 686 965 non
713 905 779 983 pati
804 904 942 981 videtur;
972 914 1004 965 et
1024 907 1092 986 ipse
1109 906 1157 964 vir
1179 906 1391 965 doctissimus
1441 893 1442 898 ¹

240 1010 315 1069 mire
338 1009 382 1068 sio
402 1027 456 1068 eos
474 1008 646 1088 appellatos
669 1026 739 1066 esse
761 1006 930 1067 confitetur.
975 1006 1168 1068 Sententiam
1188 1007 1250 1066 looi
1273 1009 1390 1085 expli·

241 1119 313 1171 eant
325 1109 423 1170 verba
438 1109 612 1190 Penelopes
628 1107 668 1167 acl
681 1107 829 1187 Ulyssem
844 1128 1016 1182 reversum,
1032 1108 1147 1189 Odyss.
1164 1119 1199 1183 ψ.
1219 1104 1295 1166 210.
1313 1129 1390 1188 seq.

531 1230 536 1235 ·
657 1205 726 1268 θεολ
746 1197 777 1267 δ’
801 1201 919 1281 δαιαζον
939 1202 1037 1285 ὄῑζδν,

325 1310 357 1369 οἳ
378 1310 451 1369 ναῑϊν
472 1297 623 1387 ἆμιίσαντο
641 1297 715 1387 παρ’
738 1300 890 1387 ἀλλήλοισι
911 1307 1032 1387 μένοντε

327 1400 402 1488 ήβής
423 1412 572 1489 ταρπῆναι
592 1431 619 1469 κ.
642 1431 667 1469 τ.
693 1412 717 1470 λ.

243 1511 307 1573 Sed
326 1520 360 1571 ut
378 1511 450 1572 hine
471 1513 615 1572 restituas
635 1503 729 1592 πάρος
750 1531 834 1589 ταρπ.
852 1500 881 1569 ἆ.
896 1504 972 1591 ήβής
991 1502 1143 1588 ἆλλήλαν,
1163 1512 1254 1570 nimis
1271 1520 1391 1571 tamen
1441 1561 1442 1564 ¹

243 1615 345 1675 audax
371 1614 505 1675 videtur.
557 1611 633 1673 Cum
663 1612 789 1673 Scholia
816 1614 997 1674 Florentius
1024 1615 1123 1694 ipsam
1154 1612 1234 1671 hanc
1266 1633 1389 1671 vocem

241 1720 384 1794 ignorare
403 1714 581 1786 videantur,
604 1715 810 1792 -praebent
830 1715 911 1774 enim
932 1716 1125 1797 simpliciter,
1147 1709 1219 1793 πρὶν
1241 1703 1293 1772 ἐπ’
1330 1702 1387 1772 ιἰλ-

244 1810 343 1894 λήλοις
362 1816 531 1894 τερφθῆναι
551 1848 593 1857 -
613 1815 717 1874 forsan
737 1816 901 1894 legendum
924 1819 983 1877 erit
1441 1801 1442 1804 ¹

657 1909 753 1995 πάρος
768 1911 953 1995 ταρπήμεναι
970 1909 1060 1995 ἄμφω

330 2005 387 2093 δήν
408 2004 451 2075 ἔτ’
474 2006 520 2075 ἐπ’
544 2004 694 2093 ἀλλήλοιν.

244 2121 319 2178 Mox
331 2141 361 2177 ν.
372 2113 444 2178 679.
467 2117 641 2176 Brnnolrius
657 2139 674 2177 e
691 2121 869 2198 conjectura
884 2121 1007 2201 scripsit
1023 2108 1144 2196 δώμαθ’
1158 2109 1207 2200 ὅγ’
1224 2114 1387 2201 είςοροὶαν;

244 2219 401 2298 vulgatam
422 2218 472 2277 διδ
479 2239 526 2294 μα
548 2208 611 2277 τόδ’
634 2212 772 2297 είςορᾶαν
787 2222 859 2298 jure
874 2221 1009 2283 Beekins
1023 2223 1200 2298 revocavit3
1223 2223 1280 2283 sed
1305 2226 1385 2283 tiro·

245 2343 317 2382 num
340 2321 441 2400 gratia
467 2340 638 2395 monemus,
669 2311 778 2396 ὄφελλέ
797 2343 832 2398 με
855 2321 972 2404 εἰςορᾷν
991 2344 1047 2403 pro
1069 2315 1195 2401 ὄφελλον
1214 2346 1238 2383 s.
1262 2317 1388 2399 ὤφελον

245 2421 361 2504 είςυρᾷν
386 2422 519 2502 positum
546 2442 631 2495 esse,
662 2424 749 2500 eujus
777 2425 1009 2484 constructionis
1030 2427 1180 2486 vetustius
1204 2428 1388 2507 exemplum

247 2545 338 2605 qnam
357 2525 416 2583 hoe
442 2543 505 2582 non
526 2524 666 2582 novimus
688 2522 727 2581 ef.
741 2526 838 2582 Herm.
858 2526 897 2580 αιί
917 2527 1008 2599 Viqer.
1023 2545 1093 2602 μορ.
1116 2526 1188 2588 758.
1206 2564 1248 2572 -
1262 2550 1287 2588 ο.
1309 2526 1386 2588 792.

247 2625 309 2702 leg.
329 2622 546 2701 κερτομίοις
565 2645 620 2703 pro
644 2621 811 2702 κερτομίας,
834 2627 896 2683 coll.
919 2625 953 2699 1,
976 2624 1047 2686 486.

217 2712 220 2715 ’
664 2723 733 2783 Lib.
755 2725 813 2783 ΙΠ.
837 2747 866 2783 v.
890 2722 962 2785 882.

333 2826 369 2906 τῇ
389 2811 418 2883 δ’
442 2814 504 2901 ἅμα
525 2815 655 2902 Νύμφαι
674 2819 794 2887 ἕπονται
815 2817 998 2906 ἀμορβάδες,
1020 2826 1056 2887 αλ
1069 2825 1123 2905 μὲν
1145 2820 1193 2889 ἐπ’
1214 2819 1309 2909 αὐτῆς

333 2916 494 3007 δγρόμεναι
514 2927 610 3005 πηγῆς
628 2916 811 3004 Ἀμνισίδος,
832 2926 868 2987 αί
885 2924 918 2988 δὲ
939 2918 977 3006 δή
999 2919 1087 2989 δι’λλαι

332 3018 447 3087 δι’λσεα
469 3024 532 3086 καί
552 3020 714 3098 σκοπιὰς
735 3027 953 3100 πολυπίδακας·

246 3132 357 3189 Mirum
385 3138 448 3201 est,
477 3129 630 3188 neminem
650 3128 790 3189 haesisse
809 3130 841 3189 in
860 3133 1035 3192 accusativo
1060 3124 1151 3192 ἶν’λσεα
1172 3129 1223 3192 καὶ
1243 3128 1385 3208 σκοπιὰς,

248 3251 339 3311 quem
366 3250 426 3309 quo
453 3228 637 3302 referamus,
666 3232 782 3290 neseio.
827 3232 910 3311 Quid
936 3235 1083 3313 seriptum
1110 3235 1204 3294 fuerit
1227 3256 1247 3293 a
1274 3244 1384 3315 poeta,

249 3331 388 3389 divinare
412 3348 550 3409 neqne03
582 3328 638 3390 sed
665 3334 818 3391 sententia
844 3334 980 3414 postulat
1006 3336 1156 3413 ejusmodi
1183 3337 1250 3397 fere
1271 3360 1386 3399 vocem

249 3428 283 3487 αί
311 3424 342 3488 δὲ
371 3430 509 3489 λιποῦσαι
534 3421 703 3491 illusorem.
726 3467 768 3475 —
796 3435 846 3494 De
873 3456 964 3496 versu
988 3434 1049 3495 918
1072 3436 1252 3497 dictumest
1274 3440 1308 3498 in
1330 3439 1384 3498 ad·
1438 3506 1439 3535 ἡ

249 3529 357 3620 <lendis
379 3530 420 3589 ad
439 3533 568 3591 Schnetd.
590 3535 659 3591 Lex.
679 3552 703 3591 s.
724 3554 747 3592 ν.
770 3529 1020 3614 συνευφράζομαι.

653 3635 722 3693 Lib.
744 3635 803 3694 III.
826 3657 856 3695 v.
882 3634 973 3697 1374.

333 3723 520 3812 ἀλλήλους
539 3727 690 3814 βρυχηδὸν
711 3729 850 3813 ἕδήϊον.
1071 3736 1072 3739 ’

175 3874 177 3879 «
246 3838 384 3897 Verbum
411 3835 487 3913 δήίω
507 3856 562 3914 pro
591 3830 682 3915 δηϊόω
707 3860 747 3898 ex
771 3838 830 3898 hoo
857 3840 923 3899 solo
947 3841 1016 3900 loeo
1038 3843 1069 3901 iu
1089 3842 1216 3901 Lexieis
1237 3841 1386 3918 affertur3

247 3938 303 3997 sed
322 3937 395 3996 mihi
418 3946 524 3997 eontra
546 3940 719 4017 analogiam
741 3941 865 4019 linguae
888 3962 1020 4019 graecae
1040 3942 1171 4003 videtur.
1208 3945 1295 4023 Lego
1321 3935 1387 4003 ἆλ-

248 4031 378 4116 λήλοις
400 4038 484 4118 βρυχ.
508 4031 647 4117 ίπήίον.

655 4143 724 4202 Lib.
748 4142 806 4201 HI.
828 4165 858 4202 v.
882 4141 972 4203 1384.

666 4228 739 4304 οὖτα
759 4240 791 4304 δὲ
811 4243 920 4324 μίγδην

333 4328 457 4415 δμώων,
482 4336 589 4411 πολέας
609 4338 663 4418 μὲν
686 4336 729 4405 ἔτ’
754 4342 783 4418 ἐς
803 4346 900 4424 νήδυν
920 4340 1049 4426 λαγόνας
1069 4368 1099 4407 τε
1218 4377 1221 4381 ·

332 4429 452 4514 ήμίσεας
473 4429 629 4518 ἀνέχοντας
649 4441 677 4516 ἐς
697 4435 783 4524 ήίρα·
805 4438 874 4519 τοὺς
895 4445 996 4508 δὲκαὶ
1018 4442 1101 4529 §zon
