2884 5184
259 460 300 520 76
597 471 795 519 casceca
816 471 1049 519 srssrnnrna

261 643 435 725 [Adduntur
457 642 487 704 3.
516 666 546 703 v.
572 644 644 705 757.
674 645 746 706 760.
783 645 1083 725 Nicet.Eugen.5,
1105 647 1173 708 186.
1200 649 1233 721 6,
1255 648 1336 706 512.
1363 649 1392 722 9,

259 744 311 804 42.
335 744 386 806 86.
408 745 521 805 Achill.
543 747 614 805 Tot.
636 746 674 821 6,
698 747 748 807 17.
767 771 798 829 p.
821 745 884 828 99.]
908 747 1013 828 Atque
1035 750 1080 808 sic
1097 768 1189 828 supra
1207 746 1237 822 ξ.
1257 746 1313 806 25.
1342 771 1392 808 co·

261 846 337 906 dicis
360 848 540 926 scripturam
562 837 630 920 τοὺς
651 836 779 925 ἇνὲμοος
799 841 920 909 παύσειε
941 839 1021 932 λόγῳ
1052 848 1176 908 defendi
1193 868 1296 929 posse,
1324 851 1393 928 jam

260 947 402 1008 diximus.
432 949 471 1008 cf.
505 969 627 1029 quoque
653 950 735 1009 infra
765 950 805 1009 ad
832 951 869 1025 7,
899 946 951 1022 18,
978 949 1008 1008 7.
1060 949 1203 1009 Ceterum
1229 941 1394 1029 ψεῦστειρο

260 1049 343 1130 quod
367 1051 529 1109 Lactantio
556 1052 743 1111 restituimus
772 1053 805 1110 in
835 1051 946 1110 lexicis
973 1049 1076 1125 deest3
1113 1042 1271 1130 ψούστριο,
1305 1053 1393 1132 quod

260 1161 351 1212 antea
376 1152 448 1224 fuit,
479 1171 535 1232 per
563 1172 596 1211 se
624 1172 687 1211 non
707 1153 808 1213 minus
825 1153 927 1213 bonae
951 1160 1045 1211 notae
1065 1160 1126 1227 est3
1158 1163 1393 1233 quemquamst

217 1264 243 1305 ³9
260 1256 358 1334 ipsum
376 1255 408 1313 iu
429 1253 532 1312 lexica
552 1252 687 1313 nondum
707 1263 881 1335 receptnm3
911 1253 999 1312 ambo
1022 1255 1138 1333 quippe
1158 1254 1393 1332 proficiscuntur

260 1377 280 1413 a
304 1345 446 1434 ψευστήρ.
490 1353 581 1413 Adde
609 1363 773 1434 praeterea
794 1355 922 1415 Lexicis
949 1341 1094 1432 ἆγγελτὴο
1116 1353 1180 1413 Sib.
1205 1352 1234 1413 2.
1262 1377 1291 1414 v.
1317 1355 1389 1414 214.

261 1458 290 1515 7.
312 1477 342 1515 v.
359 1454 409 1515 33.
432 1454 497 1534 (ubi
519 1476 575 1535 pro
597 1454 801 1534 διαγγελτῆρες
821 1455 986 1535 legendum
1008 1444 1047 1532 δὴ
1067 1448 1266 1536 ἆγγελτῆρες.)
1285 1445 1390 1535 ἀγγέλ-

260 1578 327 1637 τριο
345 1555 419 1616 ibid.
443 1553 472 1615 8.
494 1577 525 1616 v.
551 1557 621 1616 117.
645 1548 786 1636 ἅγκτειρο
807 1558 945 1617 Zoroast.
968 1558 1082 1616 oracul.
1105 1558 1215 1635 magic.
1248 1578 1317 1639 pag.
1341 1557 1389 1618 78.

260 1647 416 1738 ἄλφηοτὴρ
438 1657 549 1737 Sibyll.
575 1659 602 1717 1.
626 1680 657 1718 v.
678 1656 730 1718 98.
759 1648 872 1739 βροτὴρ
895 1658 1044 1717 Naucrat.
1067 1659 1100 1716 in
1122 1659 1273 1738 epistola,
1300 1680 1388 1740 quam

259 1759 397 1819 servavit
418 1757 504 1817 Cave
525 1760 596 1819 hist.
618 1760 735 1820 literar.
757 1781 829 1840 pag.
850 1757 922 1820 438.
951 1753 1133 1838 θηροτήριος
1161 1759 1258 1840 Soph.
1284 1742 1387 1839 fragm.

259 1880 308 1940 ap.
326 1859 520 1919 Athenaeum
537 1858 585 1919 13.
609 1883 640 1941 p.
657 1859 730 1921 564.
753 1856 898 1943 ἰητήριος,
923 1861 1024 1920 ionice
1045 1881 1100 1941 pro
1116 1850 1264 1940 ἰοτήριος,
1287 1862 1387 1940 Quint.

261 1961 384 2040 Smyrn.
407 1959 441 2034 7,
464 1960 515 2021 61.
536 1959 650 2042 ἰητοοίη
669 1964 690 2022 1.
713 1984 743 2044 q.
767 1961 898 2043 lrropla,
923 1962 1040 2022 Euseb.
1062 1981 1205 2042 praepar.
1229 1985 1339 2042 evang.
1362 1964 1388 2053 3,

263 2064 311 2123 14.
340 2084 371 2142 p.
392 2060 462 2121 124.
483 2062 540 2138 Α.,
564 2065 617 2123 ubi
643 2066 773 2145 primam
795 2073 968 2145 correptam
991 2063 1100 2136 habet,
1131 2063 1214 2143 quod
1238 2066 1273 2125 in
1293 2069 1388 2125 ionica

260 2167 358 2225 forma
379 2184 469 2224 secus
491 2186 561 2226 esse
582 2168 670 2228 solet.
715 2167 836 2228 Atticos
855 2167 984 2246 primam
1006 2164 1161 2243 corripere
1179 2175 1270 2226 notat
1290 2168 1388 2226 Draco
1417 2186 1419 2261 q

261 2267 425 2327 Stratonic.
462 2287 533 2345 pag.
562 2267 612 2326 51.
647 2270 786 2348 apposito
818 2267 1034 2347 Aristophanis
1074 2265 1227 2345 exemplo.
1262 2257 1390 2343 ἰχνευτὴο

262 2369 395 2450 Oppian.
419 2367 570 2447 Cyneget.
598 2369 630 2443 1,
659 2369 710 2430 76.
741 2364 968 2448 κοικοῤῥέκτειρο
996 2366 1107 2444 Sibyll.
1131 2363 1160 2425 3.
1188 2388 1220 2425 v.
1245 2365 1318 2427 753.
1348 2369 1388 2427 616

262 2473 341 2531 enim
360 2488 417 2550 pro
440 2460 654 2548 κακοῤῥῆιειοα
679 2469 882 2531 scribendum.
905 2457 1069 2549 κορδαντὴρ
1088 2466 1200 2546 Sibyll.
1221 2468 1252 2527 7.
1276 2490 1306 2528 v.
1325 2468 1386 2528 136.

262 2562 465 2649 κραυγοὶοτρια
487 2570 625 2649 Hesych.
654 2572 693 2630 Τ.
717 2569 747 2629 2.
774 2593 804 2651 p.
835 2569 907 2629 591.
937 2592 961 2630 6.
987 2591 1017 2628 v.
1048 2560 1186 2646 μηκάδες.
1214 2561 1388 2649 κρυπτήριος
1417 2598 1418 2601 “

261 2672 395 2731 Pausan.
415 2667 448 2743 8,
469 2668 520 2728 42.
543 2672 582 2730 Τ.
601 2670 630 2730 2.
655 2695 686 2753 p.
706 2670 779 2733 482.
810 2674 886 2732 Fac.
908 2661 1094 2750 κροοοτῆριον
1113 2669 1283 2731 Grammat.
1302 2673 1385 2730 Mser.

261 2775 293 2833 in
319 2771 394 2832 bibl.
415 2770 558 2832 Medicea
584 2774 667 2854 apud
688 2776 853 2836 Ruhnken.
884 2774 923 2834 ad
943 2773 1023 2831 Tim.
1052 2791 1123 2851 pag.
1147 2769 1220 2831 297.
1248 2764 1386 2850 paradeo

262 2876 387 2936 Oracul.
408 2875 447 2935 de
462 2874 576 2935 Plotin.
600 2876 683 2957 apud
702 2875 784 2936 Gall.
803 2895 874 2954 pag.
897 2873 943 2947 9.,
972 2873 1025 2933 ubi
1042 2872 1122 2931 male
1142 2864 1301 2952 μοιήτορες
1322 2874 1384 2932 scri·

260 2987 354 3059 ptum.
383 2976 535 3058 Respexit
561 2978 628 3038 sine
654 2978 746 3037 dubio
773 2984 867 3058 poeta
895 2974 935 3034 ad
963 2973 1099 3034 Socratis
1128 2981 1225 3032 artem
1255 2974 1383 3035 obstetri-

262 3083 349 3140 ciam.
372 3066 535 3156 μοστικτὴρ
559 3077 670 3156 Sibyll.
687 3076 716 3136 2.
740 3099 770 3137 v.
786 3075 876 3153 345.;
896 3076 949 3136 ubi
968 3076 1110 3156 sequenti
1126 3093 1222 3133 versu
1240 3094 1299 3153 pro
1314 3062 1385 3132 ἄνοι-

262 3177 314 3240 6έα
340 3179 567 3257 oppignerat,
596 3180 656 3238 nisi
684 3181 728 3237 ita
751 3179 894 3238 hebetem
920 3176 1071 3254 Sibyllam
1097 3176 1193 3235 fnisse
1224 3173 1327 3247 dicas,
1350 3182 1383 3243 nt,
1413 3218 1414 3223 ,

263 3276 517 3360 quemadmodum
537 3271 661 3355 θοήῖκες
680 3286 711 3338 61
732 3280 862 3362 deduce,
884 3275 1003 3356 ῥηϊδίως
1025 3286 1055 3335 61
1068 3274 1192 3359 ῥᾳδίως,
1212 3276 1258 3334 616
1274 3295 1383 3356 quoque
1414 3286 1415 3307 ³

262 3378 384 3458 πρηῑξαι
406 3385 437 3437 61
456 3376 567 3456 πρᾶξαι
590 3376 650 3435 6161
671 3399 763 3457 posse
787 3377 967 3451 crediderit,
991 3379 1083 3437 facile
1103 3378 1258 3437 rescribas
1274 3368 1384 3436 ἀναιδέα

262 3499 331 3560 περ
351 3464 553 3556 navigarat
576 3468 723 3555 μηούιριο
738 3481 821 3539 nan.
837 3480 918 3538 Phn.
935 3478 963 3552 5,
980 3478 1052 3539 645.
1071 3499 1142 3557 pag.
1155 3475 1227 3536 roo.
1250 3476 1382 3537 werna

263 3573 480 3661 νεωδηγήτριο,
501 3582 521 3640 1.
539 3602 566 3641 e.
589 3576 643 3639 νέοι
661 3569 840 3660 ὃδηγήτριο,
862 3579 1049 3640 Wernsdorf
1066 3579 1107 3638 ad
1120 3580 1203 3637 Man.
1220 3579 1301 3638 Phil.
1323 3598 1381 3656 pag.

263 3683 314 3743 96.
345 3681 395 3741 91.
431 3703 472 3742 ex
500 3681 733 3742 Montefalconii
763 3681 1006 3761 palaeographia
1035 3701 1107 3760 pag.
1139 3677 1210 3738 396.
1247 3674 1382 3755 molarium

263 3785 375 3864 Sibyll.
390 3783 419 3842 5.
441 3806 470 3843 v.
495 3784 524 3843 4.
548 3774 701 3860 σκῶπτριο
720 3782 852 3862 Procop.
873 3783 979 3840 histor.
1001 3800 1103 3840 ercan.
1125 3799 1195 3859 pag.
1219 3778 1272 3837 41.
1295 3779 1380 3837 Alen.

263 3875 417 3964 ψυχῶτριοι
437 3884 593 3944 Theodor.
614 3883 702 3963 prod.
724 3905 755 3963 p.
774 3881 846 3943 378.
868 3881 931 3941 Sed
947 3872 1121 3959 χρησμήτωρ
1142 3879 1253 3958 Sibyll.
1270 3880 1299 3939 4.
1315 3880 1343 3937 'a
1356 3876 1379 3934 4.

265 3994 295 4044 61
316 3975 488 4064 χωρηγητὴρ
508 3984 582 4045 1516.
606 3985 636 4042 7.
658 4005 689 4042 v.
713 3981 764 4043 90.
789 3993 933 4062 corrupta
954 3990 1034 4040 sunt.

221 4176 248 4216 4ο
608 4150 852 4238 6161166116.
875 4147 923 4209 16.
948 4147 978 4223 5.
1000 4147 1048 4207 17.

351 4288 475 4361 „Sibylla
497 4290 590 4346 codem
610 4290 689 4345 modo
707 4291 797 4343 heuto
817 4294 873 4343 est.-

391 4375 522 4461 οἰκτρὸς,
543 4376 662 4459 ἄτιμος,
680 4376 815 4464 ἄμορφος
833 4379 865 4443 ἒν
882 4380 1011 4461 οἰκτροῖς
1033 4376 1137 4439 ἐλπίδα
1158 4370 1281 4454 661666(ι

266 4479 319 4535 ubi
337 4481 367 4535 A
389 4500 497 4549 οικτοις
513 4503 569 4558 pno
592 4480 728 4558 οἰκτροῖς.
747 4483 771 4542 0
792 4505 867 4543 vero
889 4502 1038 4564 perquam
1058 4481 1160 4541 multis
1182 4481 1266 4539 vitiis
1290 4485 1380 4539 scatet.
