2884 5184
347 491 535 554 ourrros
559 491 826 541 surrentinus,
885 487 892 498 '
1119 483 1159 544 25

32 677 94 727 ante
111 666 233 727 Paridis
255 666 349 727 aedes
371 676 513 740 vocatur,
535 666 625 726 idad
644 666 760 725 Priami
784 668 910 728 eaedem
931 690 1013 729 nunc
1035 671 1159 751 quidem

32 771 175 849 respicere
201 791 267 828 non
290 778 408 850 potest3
438 790 545 829 verum
574 770 754 850 simpliciter
783 788 906 850 puram,
936 792 1053 832 sacram
1074 794 1159 833 arem

31 871 180 946 signifieat·
261 885 263 888 ⁴
836 890 837 893 ’

32 1007 57 1045 v.
69 984 133 1047 210.
142 1009 211 1070 sqq.
231 989 364 1067 Τεῦκρον
382 977 413 1047 δ’
434 978 600 1066 ἐσσυμένως
621 984 719 1067 ἕταροι
736 980 998 1068 ττεριττοιιτνόοντες

228 1071 306 1169 ἦγον
325 1082 596 1162 ἐττισιιάζοντα·
618 1092 701 1164 θοῶς
723 1087 756 1152 δὲ
777 1089 807 1151 οἱ
827 1089 943 1172 ἰητῆρες

226 1189 261 1251 ἐκ
280 1182 373 1265 ποδός
391 1184 457 1270 αἷμ’
477 1183 678 1271 ἀφέλοντο.

30 1293 65 1356 ln,
87 1295 131 1352 his
160 1316 215 1376 pro
253 1288 448 1369 ε’ττισιιάζοντα
470 1296 664 1357 scribendum
696 1295 839 1356 videtur:
877 1292 930 1356 ἔτι
955 1285 1158 1368 σκάζοντα.

33 1393 186 1456 Praeterea
205 1419 282 1458 vero
302 1385 448 1474 ἀφέλοντο
473 1420 595 1480 quoque
616 1407 791 1477 corruptum
810 1398 920 1458 habeo.
943 1382 945 1387 ⁵

32 1530 57 1567 v.
75 1507 141 1570 265.
524 1503 592 1575 ἀλλ’
615 1508 675 1594 ἀρα
697 1504 823 1592 Νέστωρ

225 1609 296 1692 ἔστη
318 1610 351 1675 ἕν
371 1607 505 1693 με’σσοισι
524 1613 575 1675 καὶ
595 1604 790 1693 ἀμφοτέροισι
811 1603 950 1690 μετηύδα.

33 1712 197 1790 Legendum
226 1712 273 1776 ἐνὶ
297 1708 438 1793 μέσσοισι.
488 1719 618 1779 Notavit
644 1736 767 1798 qnoque
795 1718 952 1774 Hermann.
981 1722 1011 1774 ιἰι
1042 1718 1155 1792 Ονμλίσ.

28 1834 86 1888 μορ.
106 1814 174 1875 713.
219 1818 286 1878 Sed
308 1819 390 1880 idem
410 1816 454 1880 ἒνλ
475 1812 630 1900 μεγάροις,
659 1816 742 1900 quod
764 1817 855 1877 simili
879 1819 997 1878 ratione
1019 1819 1156 1878 ultimam

34 1915 59 1973 in
78 1912 117 1974 ἕνλ
135 1918 290 1997 producit,
313 1942 353 1981 ex
373 1922 488 2000 Quinto
505 1922 676 2001 Smyrnaeo
695 1941 757 1980 non
772 1919 874 1996 affert3
898 1919 983 1980 locos
997 1920 1156 2000 Apollonii

33 2015 144 2090 Rhodii,
174 2022 288 2101 quibus
316 2032 420 2083 tamen
447 2023 520 2083 addi
547 2032 649 2104 potest
671 2023 705 2096 4,
735 2019 763 2080 8.
789 2022 856 2100 jorn
879 2025 981 2082 attulit
1002 2026 1065 2082 ibid.
1084 2044 1152 2099 μορ.

35 2115 93 2175 704.
133 2120 194 2181 Sed
222 2119 269 2183 ἕνλ
290 2118 428 2204 μεγάροις
456 2146 517 2185 non
537 2126 633 2185 semel
657 2125 734 2184 dixit
757 2122 907 2202 Quintus:
938 2122 975 2197 2,
1004 2123 1054 2183 73.
1083 2124 1152 2183 164.

35 2214 79 2291 13,
104 2219 172 2281 357.
208 2224 264 2298 14,
291 2223 362 2285 323.
395 2235 488 2306 atque
519 2224 689 2286 certissima
720 2227 899 2303 conjectura
931 2226 1154 2287 restituendum

34 2327 72 2378 est
92 2320 140 2396 13,
162 2322 232 2387 278.

220 2424 274 2486 καὶ
293 2448 344 2505 μοι
366 2419 489 2487 silton
506 2416 618 2487 τυτθόν
639 2422 694 2486 ἐνὶ
715 2417 896 2507 μεγάροις
910 2422 952 2484 ἔτι
974 2424 1083 2501 παῖδα,

34 2519 76 2577 ubi
95 2524 155 2585 sine
175 2549 270 2589 sensu
292 2524 325 2588 ἕν
343 2518 492 2609 ἡμετέροις
509 2550 591 2589 nunc
614 2530 769 2609 vulgatur.

33 2647 58 2691 V·
77 2634 139 2698 279·
219 2636 241 2723 ἡ
264 2634 295 2704 d’
318 2636 378 2724 ἀρα
399 2636 602 2724 δαινυμένοισι
626 2642 879 2723 τταροινοχόει
899 2636 980 2722 μέθυ
998 2635 1099 2722 λαρόν.
1199 2692 1201 2695 -

34 2736 132 2800 Vocem
147 2743 346 2826 ιταροινοχοὲοο
367 2768 406 2806 ex
421 2748 561 2809 hocloco
579 2746 749 2806 Schneider
763 2748 874 2825 jamin
888 2748 997 2806 Lexic.
1015 2749 1149 2826 recepit3

35 2837 92 2912 sed,
111 2845 141 2902 ni
161 2848 268 2920 fallor,
295 2848 470 2925 disjunctim
491 2848 686 2908 scribendum
709 2856 770 2907 est:
792 2835 879 2926 πόρ’
904 2838 1082 2924 οἰνοχόει.

34 2971 58 3007 v·
77 2951 139 3015 297.
219 2950 290 3020 ἀλλ’
310 2953 416 3022 ἀλλοι
441 2954 502 3021 νέοι
522 2954 629 3040 ἀνδρες
651 2953 905 3021 ἐττεντόνεσθε
923 2952 1044 3027 ἀεθλον.

35 3051 206 3122 Hermannus
228 3065 251 3122 l.
276 3086 301 3123 c.
315 3085 385 3139 μορ.
410 3064 481 3124 744.
510 3049 576 3122 ἀλλ’
601 3053 692 3122 ἀλλον
716 3059 780 3123 νέοι
806 3053 913 3141 ἀνδρες
936 3055 1153 3126 {semiermes

34 3143 133 3219 ἀεθλον.
166 3165 283 3226 Verum
305 3158 389 3226 ἀλλοι
400 3188 462 3226 non
478 3174 544 3226 erat
559 3165 795 3225 sollicitandum.
833 3166 870 3224 In
888 3164 1054 3226 certamine
1071 3168 1152 3227 enim

34 3259 167 3334 pugilatus
189 3268 325 3328 ineundo
347 3267 531 3328 Idomeneus
556 3268 670 3349 primus
698 3277 893 3345 surrexerat3
925 3269 975 3328 cui
1001 3289 1090 3329 nemo
1117 3291 1150 3329 se

35 3375 168 3436 0pponere
186 3390 279 3430 ausus
303 3377 366 3442 est,
390 3364 452 3428 ἕτελ
472 3367 510 3447 ῥα
531 3368 695 3449 γεραίτερος
710 3354 773 3447 ἦεν.
812 3368 874 3448 Qui
893 3392 961 3431 cum
974 3373 1017 3431 sic
1035 3360 1151 3432 ἀτονιτλ

34 3456 153 3539 vicisset,
176 3480 205 3530 et
222 3473 392 3552 praemium
408 3472 593 3550 accepisset,
609 3472 748 3532 hortatur
763 3474 906 3534 Phoenix
923 3474 1016 3546 alios,
1034 3495 1150 3555 eosque

32 3555 157 3642 juvenco,
177 3582 209 3632 ut
228 3574 269 3632 nd
290 3574 373 3633 idem
395 3582 549 3632 certamen
571 3595 604 3633 se
621 3576 800 3652 accingant,
821 3596 884 3633 non
899 3574 940 3632 ad
955 3574 1048 3633 aliud.
1087 3575 1149 3633 Pro
1182 3577 1183 3580 ’

35 3649 205 3733 meismes
237 3696 310 3735 vero
340 3675 407 3748 vel,
438 3674 520 3755 quod
541 3675 737 3733 Hermannus
766 3677 880 3748 voluit,
909 3675 1148 3748 rescribendum,

32 3761 75 3818 vol
95 3761 281 3835 ἕτεντόνεσθ’
301 3771 330 3846 ἐς
347 3767 467 3834 ἀεθλον.

34 3889 58 3928 V·
76 3875 138 3942 326.
347 3878 413 3949 ἀλλ’
438 3881 524 3952 οὔθ’
548 3888 582 3949 οἴ
596 3910 640 3961 τις
662 3879 770 3965 ἐτόλμα
788 3885 945 3973 ἔνεγγυς
965 3879 1085 3949 λιτέσθαι

219 3988 319 4050 εἵνεκα
340 3988 517 4069 πυγμαχίης.
616 4019 618 4023 v

34 4065 83 4132 1³40
106 4074 172 4143 ὥθ’
198 4090 270 4168 lege
295 4079 380 4151 odd’:
420 4090 476 4150 sed
502 4111 604 4172 neque
633 4090 704 4150 huie
734 4092 896 4171 quisquam
929 4110 961 4148 se
994 4107 1150 4168 opponere

34 4187 109 4237 ausus
131 4197 189 4262 est,
219 4203 253 4252 ut
273 4201 364 4252 antea
385 4213 474 4251 nemo
496 4186 672 4251 Idomeneo.
717 4193 798 4250 Tum
828 4180 934 4266 ἐτόλμα
960 4178 1073 4268 ἐγγάς
1101 4208 1148 4248 re·

35 4274 136 4355 ⁸⁰¹il³⁸il
151 4287 214 4364 jam
233 4293 430 4353 Hermonnus
450 4290 545 4370 Orph.
566 4313 598 4371 p.
616 4290 698 4368 6963·
719 4293 758 4352 cf.
782 4291 818 4364 3,
846 4291 915 4352 141.

218 4380 286 4452 οὔδ’
309 4386 368 4474 ἀρα
386 4390 419 4452 ολ
437 4384 550 4473 Τρώων
571 4413 614 4463 τις
632 4384 738 4470 ἐτόλμα
756 4381 866 4471 ἐγγὺς
888 4383 1017 4453 λιτέσθαι.

35 4465 141 4544 Hiatum
161 4490 227 4554 finis
248 4493 338 4574 pedis
366 4496 467 4575 quarti
490 4503 627 4554 excusat.
