2884 5184
430 421 626 471 ORAOULA
651 425 794 474 VARIA.

203 596 302 656 ἔνθα
323 587 360 654 θ’
381 599 420 676 (s.
443 588 569 670 ἐνθάδ’)
590 596 629 659 ii
637 622 656 676 η
678 594 795 677 τέμενός
812 623 842 661 τε
864 624 892 661 κ.
912 625 936 661 τ.
960 609 985 663 λ.

51 702 170 757 Eusebius
193 702 342 774 Praepar.
361 704 495 775 Εναπμελ.
519 698 548 772 3,
575 700 622 759 14.
641 724 672 781 p.
694 701 764 762 124.
787 705 827 763 A.

192 793 285 870 “Ogu'
306 788 381 877 ἔμελ,
402 790 438 859 όν
459 798 588 877 καλέεις,
610 793 706 880 Ζηνός
729 802 779 863 καὶ
801 799 944 875 Μαιάδος
965 796 1028 877 υἱὸς

197 894 339 980 Ἑρμῆς
359 899 531 981 προβέβηκα
553 894 649 963 λιπσλν
670 895 814 983 ἆστραῖον
835 900 960 979 ύναιιτα,

48 1007 91 1065 ubi
110 1005 267 1084 syllabam
288 1005 320 1061 in
335 1024 427 1062 versu
443 1006 608 1083 posteriori
624 1006 818 1069 deficientem
835 1011 879 1069 ita
896 1008 1019 1088 supplet
1036 1006 1182 1082 Vigerus:

44 1099 139 1186 Ἑρμῆς
163 1096 198 1177 ὃς
224 1100 408 1182 προβέβηπα.
439 1106 550 1166 Tutius
579 1106 712 1167 videtur.
740 1100 910 1189 Ἑρμελης
939 1103 1119 1187 προβέβηκα.
1142 1140 1183 1148 -

50 1207 73 1281 3,
98 1208 141 1266 15.
165 1230 197 1289 p.
227 1204 298 1264 125.
322 1208 363 1265 D.

194 1301 317 1384 Ἤλιος,
334 1293 441 1387 Ὦρος,
454 1298 584 1387 Ὄσιρις,
607 1301 697 1386 ύναξ,
718 1305 881 1388 Διόνυσος,
901 1305 1067 1384 Ἀπόλλων,

205 1403 295 1489 ὡρῶν
314 1407 365 1468 καὶ
383 1412 497 1488 καιρῶν
518 1410 639 1488 ταμίης,
662 1403 781 1491 αἶνὲμων
802 1435 832 1473 τε
850 1411 901 1472 καλ
921 1405 1056 1492 ὄμβρων,

205 1501 281 1589 ῆοῦς
302 1508 354 1570 καὶ
375 1498 483 1581 νυκτός
504 1512 765 1593 πολυαστέρον
788 1504 858 1592 ῆνλα
877 1518 1000 1592 νωμῶν,

148 1600 156 1615 '
205 1607 374 1691 ζαφλεγέων
395 1602 513 1689 ἄστρων
531 1607 668 1690 βασιλεύς
690 1605 741 1693 ἠδ’
766 1605 923 1676 ἆθύνατον
944 1619 1013 1694 πῦρ.

50 1714 92 1772 sic
109 1717 248 1788 conexi,
273 1713 355 1794 quod
370 1715 557 1792 vulgabatur
572 1716 779 1794 πολναστέρος.
816 1720 895 1777 Nam
915 1720 1025 1799 quibus
1043 1718 1183 1778 Graecae

49 1816 162 1892 linguae
193 1816 341 1893 analogia
366 1825 440 1874 nota
469 1825 531 1890 est,
560 1819 595 1901 hi
613 1816 785 1898 πολυαστῆρ
811 1822 1067 1900 aspernabuntur.
1113 1823 1186 1879 Fuit

50 1914 254 1997 πολνύστερος,
284 1925 319 1975 ut
337 1908 503 1995 διόστερος,
522 1910 719 1998 ’κατόστερος,
743 1923 814 1981 alia.
834 1958 876 1966 —
895 1923 931 1996 4,
948 1922 976 1982 9.
996 1946 1026 2004 p.
1053 1922 1121 1982 145.
1141 1925 1182 1982 D.

207 2010 292 2077 ὅσσοι
311 2008 341 2076 δ’
366 2008 446 2094 ἀμφὶ
468 2023 560 2096 γαῖα
569 2042 594 2078 ν
605 2014 778 2098 παττόμενοι
799 2020 863 2083 αἰὲν
885 2022 966 2100 ἔασι,

208 2120 302 2191 τοῑςδε
320 2112 417 2196 φόνου
434 2112 547 2197 πλῆσας
568 2113 666 2203 πάντῃ
690 2121 882 2203 πυριπλῆθὲα
899 2114 1001 2203 βωμόν

209 2218 242 2280 ἐν
263 2218 336 2299 πυρὶ
353 2217 443 2299 βάλλε
465 2218 554 2299 δέμας
575 2215 674 2294 θύσας
697 2216 782 2294 §uinco
799 2228 979 2301 ποτηνοῦ,

52 2323 95 2381 ubi
121 2326 336 2404 untuvmifflro
364 2326 506 2382 ποταινοῦ
534 2324 652 2403 scripsi.
697 2325 796 2383 Notas
826 2346 948 2406 quoque
977 2328 1068 2402 μαῖαν
1089 2327 1187 2404 prima

53 2436 201 2507 corrupta,
224 2427 305 2506 quod
324 2427 364 2485 ad
384 2428 512 2487 aliorum
534 2425 792 2505 diphthongorum
808 2427 1039 2486 similitudinem
1055 2427 1187 2485 seriores

54 2527 102 2586 sibi
120 2529 327 2588 indulserunt.
350 2563 392 2571 —
414 2527 450 2600 5,
473 2529 502 2586 7.
525 2550 555 2607 p.
577 2525 647 2586 191.
669 2530 706 2587 B.

210 2618 301 2688 οὐδὲν
320 2625 352 2688 ἐν
374 2618 555 2688 ἀθανάτοισι
574 2632 658 2701 θεοῖς
679 2650 770 2689 ποτε
792 2629 856 2689 δῖα
878 2621 1045 2706 μάταιον

211 2718 279 2788 οὐδ’
300 2719 472 2809 ολπρύαντον
493 2728 567 2803 euge
588 2735 694 2807 σοφοῖς
710 2724 823 2809 Ἑκάτη
843 2723 1023 2809 θεοφῆταις,

54 2834 98 2892 ubi
116 2833 268 2909 θεοφῆται
289 2831 433 2891 videntur
457 2852 542 2905 essa,
574 2832 626 2912 qui
648 2825 804 2910 ὑποφῆται
823 2834 1004 2911 plerumque
1027 2843 1186 2890 vocantur.

53 2935 144 2996 Primo
172 2955 266 2995 versu
294 2932 426 2993 absurde
445 2933 608 3011 legebatur
632 2936 716 3004 θεοῖς
736 2925 804 2991 ποτ’
826 2925 1001 3008 ἆδείματον,
1029 2931 1110 2990 unde
1134 2933 1187 2990 Vi-

55 3057 135 3112 gerua
158 3036 234 3095 fecit
254 3037 338 3105 θεοῖς
357 3053 426 3094 ποτε
446 3015 638 3111 ἀδείμαντον,
661 3035 803 3114 quamvis
822 3033 946 3093 codices
969 3034 1029 3112 ipsi
1044 3032 1188 3090 submini-

56 3145 179 3198 suarent
202 3126 380 3213 διαμόταιον
399 3143 430 3195 et
452 3123 502 3193 διὰ
525 3127 665 3211 μάταιον,
686 3137 717 3194 in
742 3157 803 3216 qua
825 3135 959 3194 lectione
980 3126 1106 3211 μάταιον
1121 3134 1187 3214 qui·

56 3239 115 3299 dem
136 3238 295 3319 probavit,
324 3236 379 3296 sed
401 3236 476 3316 quid
497 3226 547 3294 διὰ
564 3237 676 3310 vellet,
705 3240 847 3312 nescivit.
893 3237 1050 3297 Currentio
1072 3237 1188 3316 planis-

57 3360 133 3400 suma
164 3349 221 3399 ast.
245 3358 287 3383 -—
313 3338 350 3411 5,
376 3335 405 3395 8.
433 3357 463 3416 p.
489 3335 559 3396 192.
587 3339 640 3397 ubi
666 3339 741 3399 deos
766 3361 955 3420 paganorum
976 3359 1000 3397 s.
1025 3337 1191 3398 daemones

56 3445 99 3502 vel
120 3444 234 3502 invitos
255 3440 396 3501 humanis
418 3438 678 3499 incantationibus
699 3463 810 3521 parere
832 3452 954 3501 coactos
976 3460 1045 3498 esse
1068 3438 1190 3499 demon-

59 3554 182 3605 stratur:
691 3618 692 3621 Ἴ

212 3632 292 3701 Ἀλλ’
317 3640 348 3701 οἱ
366 3636 420 3718 μὲν
437 3632 616 3719 καθύπερθε
633 3634 772 3719 μετῆοροι
791 3635 971 3719 οὖρανίωνες

217 3734 406 3823 σπερχόμενοι
428 3734 560 3824 κούφῃσι
581 3733 652 3818 μεθ’
672 3734 842 3819 Ἁρποῖαισι
862 3735 1013 3818 φέρονται.

216 3843 311 3922 ῥίμφα
334 3841 367 3903 δὲ
387 3836 596 3919 θειοδόμοισιν
614 3839 628 3901 ἐ
635 3836 735 3919 πημύ
742 3857 871 3913 σαντες
894 3829 1040 3916 ἆνύγκαις

218 3943 258 4015 εἰς
280 3933 370 4021 χθόν’
394 3941 586 4021 ἐπειγομένοις
609 3934 638 4003 δ’
664 3936 784 4019 ῆσόϊον
802 3930 940 4002 ἀΐσσουσι

217 4049 340 4122 θνητοῖς
358 4040 574 4121 ἐσσυμένως
593 4035 773 4119 ύποφῆταις.

58 4132 266 4223 Ἐπῆμύσαντες
287 4167 342 4225 pro
365 4138 557 4223 ἐπιμύσαντες
580 4165 597 4203 ο
618 4154 681 4204 vet.
701 4142 768 4202 cod.
792 4143 977 4221 scripsimuu
1016 4140 1104 4197 Duos
1120 4138 1191 4197 ulti-

61 4267 117 4307 mos
134 4268 243 4308 versus
265 4267 414 4326 perquam
437 4254 595 4323 corruptos
619 4246 664 4304 sic
682 4245 749 4303 fere
772 4241 950 4302 scribendos
973 4259 1120 4303 censeo:=

219 4346 259 4418 ελς
280 4337 370 4424 χθόν’
395 4343 587 4425 ἕπειμομένως
605 4333 809 4404 σἰειιούσιοι
831 4332 968 4401 ἆῖσσουσι

217 4451 342 4526 θνητοῖς
366 4439 570 4525 ἑσπόμενοι
591 4436 770 4523 ύποφῆταις.
