2884 5184
311 515 422 562 arun
445 514 727 562 nncnnumun
751 515 893 563 onum.
1127 503 1168 563 75

30 690 1168 771 baynnnainoneandrieteipanessanaasenntaiassantaunikanoynnnn

30 787 1166 872 unssoyncateyketinoiaeyenainonennebsseeiediuetaassosspoebutin,

30 891 54 948 h.
73 912 98 950 e.

466 991 595 1053 φησονσι
616 958 827 1055 Sedenim&

146 1098 321 1155 μαινομενη
343 1088 520 1154 ψενσιειραν
541 1095 616 1137 επαν
634 1077 666 1137 δε
684 1098 805 1155 γενηται
825 1097 942 1143 απανια

145 1199 243 1255 ηνιιια
265 1199 326 1254 μον
346 1199 467 1256 μνημην
487 1194 627 1256 ποιησαιε
648 1199 730 1238 οκετι
749 1178 868 1256 μονδεις

146 1300 320 1357 μαινομενη
339 1293 441 1357 φησειε
458 1279 560 1359 wa)
582 1282 720 1358 μεγαλοιο
741 1299 897 1361 προφητιν.

30 1381 76 1439 Bis
95 1382 255 1442 abiectum
277 1382 367 1442 videa
390 1402 411 1441 n
434 1382 538 1442 finale.
576 1383 734 1442 Restitues
754 1383 859 1462 itaque
882 1381 1045 1440 Lactantio
1067 1379 1168 1458 σίβνλ-

32 1485 80 1541 lav
105 1505 161 1563 pre
186 1474 353 1563 σιβιὶλληνςΙ
387 1493 451 1544 tum
476 1477 669 1563 ψεύσιειραν,
702 1504 759 1562 pro
789 1474 969 1560 ψεύσιριαν,
1005 1481 1087 1561 qued
1115 1482 1168 1542 vel

31 1594 144 1664 prepter
166 1594 305 1645 metrum
328 1585 553 1646 emendandum
572 1593 652 1658 erat,
680 1576 774 1664 ἡνίκα
794 1605 850 1664 pro
870 1582 992 1660 amira,
1013 1578 1166 1661 ποιήσεται

33 1676 120 1745 adtira
148 1708 207 1768 pro
239 1679 378 1764 ποιήσετε
409 1679 543 1764 κούκέτι,
580 1695 610 1747 et
636 1679 741 1764 φήσειε
762 1706 817 1765 pro
845 1675 933 1762 φήσει
960 1705 1003 1762 με.
1050 1685 1211 1747 Senensis

34 1784 104 1846 enirn
131 1797 194 1848 est:
237 1791 376 1863 „Dicent
404 1789 557 1868 Sibyllam
589 1790 743 1861 insanam,
776 1786 969 1863 mendacem3
1006 1786 1060 1847 ubi
1092 1807 1167 1847 vero

36 1889 140 1962 omnia,
172 1911 257 1970 quae
282 1890 441 1970 praedixi,
471 1891 599 1970 impleta
620 1891 751 1963 fuerint,
780 1897 844 1948 tum
863 1889 890 1948 ai
911 1890 981 1969 quie
1002 1890 1063 1949 mei
1083 1908 1166 1948 men·

36 1988 139 2049 tionem
160 1992 278 2065 faciet,
300 2013 364 2052 nen
383 1994 513 2072 amplius
529 1992 668 2052 insanam
685 1992 767 2052 dieat
781 2012 829 2051 me
845 1999 949 2050 vatem
965 1992 1068 2070 magni
1086 1989 1167 2061 dei.“

37 2087 68 2145 In
83 2090 128 2150 hin
146 2092 257 2166 videa,
281 2114 329 2152 me
350 2094 383 2152 in
405 2094 544 2155 omnibus
568 2096 683 2154 codicis
706 2094 876 2173 scripturae
893 2111 961 2151 ease
979 2092 1167 2165 obsecutum,

37 2190 89 2248 nisi
107 2193 190 2271 qued
211 2184 370 2271 ποιήσεται
381 2216 438 2276 pro
453 2188 596 2271 ποιήσατε
609 2196 735 2273 scripsi,
760 2191 843 2273 quod
856 2192 994 2269 pluribus
1011 2212 1051 2252 ex
1067 2194 1167 2251 eauaia

39 2290 106 2365 feci,
126 2302 190 2354 turn
213 2296 291 2378 quia
312 2295 448 2357 secunda
466 2315 600 2375 persona
621 2295 672 2353 hie
687 2295 785 2353 minus
802 2292 988 2351 conveniens
1005 2300 1066 2364 est,
1089 2293 1169 2352 inter

40 2382 157 2464 φήσουσι
185 2406 218 2457 et
244 2385 360 2471 οὐδεὶς,
389 2406 454 2457 tum
485 2398 560 2477 quia
578 2393 699 2455 Graece
732 2393 843 2452 dic-itur
863 2394 1017 2451 ποιεῖσθαι
1039 2384 1169 2468 μνήμην,

41 2490 151 2553 tandem
173 2499 322 2576 quoniam
345 2491 376 2557 κ’
399 2497 490 2570 illud,
510 2497 609 2558 hiatui
629 2492 755 2554 vitando
776 2494 940 2564 insertam,
964 2492 1020 2553 sed
1036 2493 1169 2554 maxime

42 2589 250 2672 importunum,
275 2620 294 2658 a
317 2600 424 2660 codice
445 2619 570 2679 prorsus
594 2596 690 2657 abest.
735 2595 839 2675 Atque
860 2595 893 2654 ni
914 2594 1005 2655 fallor
1027 2596 1095 2676 ipsa
1114 2616 1167 2654 ve-

42 2696 128 2753 terum
153 2699 324 2761 editionum
351 2702 503 2779 scriptura
530 2690 665 2778 ποιήσετε
689 2694 740 2757 καὶ
767 2697 811 2756 nil
837 2704 898 2770 eet,
928 2697 989 2756 nisi
1006 2689 1167 2772 ποιήσεται.

44 2787 123 2865 Quod
142 2798 182 2858 ad
204 2792 310 2877 φήσειε
331 2802 454 2874 attinet,
481 2803 541 2861 hoe
558 2822 613 2880 pro
637 2792 727 2877 φήσει
749 2798 943 2871 dictumest,
966 2819 1057 2878 quern
1075 2799 1168 2875 hujus

45 2896 159 2968 optativi
175 2921 267 2962 usum
288 2900 370 2980 apud
388 2902 520 2962 seriores
541 2922 614 2961 num
635 2901 688 2959 alii
706 2901 773 2977 jam
794 2899 1082 2971 animadverterint,
1112 2920 1166 2959 ne-

48 2993 110 3053 seio.
132 2997 183 3061 Sic
205 3001 235 3061 2.
260 3024 291 3062 v.
314 3000 376 3063 237
398 3023 444 3082 aq.

138 3105 140 3109 ’
159 3100 210 3162 καὶ
232 3096 325 3162 πάλιν
344 3093 380 3175 ἃς
398 3100 537 3180 ἔφθειρεν
555 3096 599 3159 ἐνὶ
621 3096 711 3178 φλογὶ
733 3091 927 3178 σαρκοφάγον
944 3099 1023 3180 πῦρ,

160 3200 212 3262 καὶ
231 3196 340 3276 ταύτας
359 3200 408 3264 ἐπὶ
428 3205 510 3282 βῆμα
530 3201 606 3261 θεοῦ
628 3191 801 3278 σιήσειεν
822 3189 950 3282 ἀγείρας.

47 3291 109 3354 ibid.
128 3320 157 3359 v.
180 3300 254 3365 285.
279 3326 325 3386 eq.

160 3390 235 3482 ὀργὴ
255 3402 443 3486 ἕπουρανίοιο
463 3399 515 3462 καὶ
534 3389 704 3482 ἆφθάριοιο
725 3406 811 3464 θεοῖο

162 3502 242 3564 κίονι
258 3495 559 3584 προςπελᾶσειεν.

51 3590 95 3651 lib.
116 3597 142 3658 3.
164 3624 192 3662 v.
213 3602 287 3665 258.
310 3624 377 3684 sqq.

496 3684 547 3746 nai
566 3675 606 3762 ἢν
628 3677 687 3762 ἄρα
704 3707 749 3757 τις
773 3680 966 3770 παρακούσῃ,

165 3778 199 3865 ἠὲ
218 3779 300 3870 νόμῳ
318 3784 433 3847 τίσειε
453 3786 540 3863 δίκην
560 3775 581 3863 ἢ
600 3783 679 3867 χερσὶ
696 3784 856 3865 βροτείαις,

163 3876 197 3965 ἠὲ
217 3875 323 3948 λαθὸν
343 3876 475 3966 θνηιοῦς
490 3878 572 3970 πάσῃ
594 3884 663 3968 δίκῃ
681 3881 875 3960 agenoream.

56 3975 117 4040 ibid.
137 4007 165 4046 v.
189 3988 261 4049 500.
281 4009 349 4070 sqq.

487 4062 503 4086 Ἰ
564 4059 572 4084 Ὶ
599 4057 646 4085 ’O'
699 4057 708 4082 9
751 4057 759 4082 i

450 4090 556 4130 ιοννεκ
595 4090 634 4147 αρ
670 4089 780 4139 anteve

164 4163 315 4251 ἐκπάγλως
333 4175 476 4252 πληγαῖσι
497 4162 672 4247 δαμάσσειεν
687 4157 770 4244 παρᾶ
790 4169 891 4229 πᾶσαν

148 4275 253 4348 «γαῖαν
272 4271 322 4333 καὶ
339 4262 451 4354 πικρὴν
471 4269 579 4351 μοῖραν
594 4267 706 4347 πέμψει
726 4255 798 4339 θεὸς
814 4257 923 4342 αὐτοῖς.

60 4381 243 4406 x*
433 4380 437 4389 .

128 4450 152 4517 *i
170 4461 224 4507 tam
243 4454 287 4518 λλ,
307 4471 389 4521 quam
406 4470 443 4504 αν
460 4471 508 4520 per
526 4468 721 4519 inexpressum
740 4456 791 4504 eet.

112 4531 152 4603 **)
170 4542 180 4590 i
195 4546 227 4593 ut
243 4542 352 4606 saepiae
372 4556 421 4607 pro
439 4556 458 4590 ν
475 4542 618 4607 seriptum,
637 4556 700 4591 mox
715 4538 745 4590 in
763 4528 896 4604 μεγάλοιο
914 4537 1020 4591 maluit
1038 4553 1066 4590 οι
1084 4541 1114 4591 in
1133 4543 1167 4594 Π.
