2884 5184
298 480 411 527 Aron
438 479 720 530 nncrnurmn
747 482 891 531 οοντι.
1123 475 1164 535 95

189 671 245 709 και
266 653 338 710 τολν
359 673 399 728 ην
418 663 555 728 enomere
573 655 616 711 θο
636 673 692 712 ταν
712 697 740 713 ..
757 698 764 713 .
826 672 897 734 mer

189 752 400 831 λαμπροτερον
419 767 536 831 αστροιν
554 751 594 831 ηδ
614 756 700 830 ηλιον
720 754 775 832 ηδε
798 759 928 835 σνληνης.

30 850 103 926 Lege
125 851 257 931 itaque:

189 948 246 1009 ml
266 944 370 1027 πόλιν,
388 943 429 1030 ἣν
444 944 574 1030 ἐκάθησο
593 945 681 1030 θεὸς,
699 948 810 1035 ταύτην
831 953 965 1034 ἐποίησεν

189 1050 399 1134 λαμπροτέραν
418 1044 535 1135 άστραν
556 1041 608 1132 ἠδ’
632 1046 718 1133 ἡλίου
739 1046 793 1134 ridi
813 1051 946 1136 σελήνης.

486 1220 581 1281 mie.
603 1221 633 1298 ς.
658 1222 705 1282 12.

105 1339 294 1410 „Erptbroea
315 1353 380 1395 vero
402 1342 443 1395 sic
460 1343 511 1397 ait:

195 1425 243 1494 Οὗ
265 1430 296 1494 di
317 1428 402 1495 λάκοι
423 1430 480 1497 adv
500 1429 601 1520 άρνεσ’
624 1437 657 1500 ἐν
676 1434 795 1522 οὔρεσιν
815 1433 1015 1519 διμιλλοῦνται,

191 1530 297 1615 χόρτον
313 1524 372 1615 γάρ
393 1531 498 1616 λύγκας
518 1529 546 1598 τ’
569 1538 716 1621 ἕρῖφοισιν
736 1535 798 1620 άμα
812 1537 981 1622 βόσκονται,

192 1627 299 1715 ἄρκτοι
318 1627 377 1697 obv
397 1630 549 1716 μόσχοισιν
570 1630 646 1718 ὁμοῦ
663 1640 714 1702 καὶ
734 1646 808 1704 πᾶσι
828 1645 971 1723 βροτοῖσι,

191 1730 374 1817 σαρκοβάρος
395 1760 425 1799 τε
441 1737 516 1800 λέων
537 1733 641 1821 φάγετ’
664 1735 777 1824 άχνρον
797 1737 879 1827 παρὰ
895 1737 1023 1822 φάτναις

190 1826 248 1895 miv
269 1834 409 1915 βρέφεσίν
429 1861 458 1899 τε
479 1834 637 1922 δράκοντες
659 1837 805 1926 άμάτορσι
825 1839 1047 1925 κοιμήσονταιῖῖ.

30 1931 109 2008 Quae
145 1947 224 2016 quot
254 1939 337 1998 vitiis
366 1943 502 2003 metricis
527 1954 680 2021 scateant,
712 1969 803 2021 nemo
829 1968 892 2008 non
919 1948 1014 2015 videt.
1066 1950 1163 2031 Atqui

31 2033 175 2096 editiones
200 2038 237 2111 B,
268 2037 303 2112 0,
331 2042 361 2099 D
392 2043 447 2102 vix
475 2046 653 2128 quiequam,
691 2049 774 2128 quod
805 2068 919 2128 operae
951 2052 1083 2130 pretium
1112 2053 1161 2125 sit,

30 2136 156 2212 variant,
179 2138 242 2197 nisi
263 2139 345 2221 quod
365 2135 491 2220 φάγεται
512 2168 567 2227 pro
595 2136 700 2226 φάγετ’
731 2149 757 2205 Β
786 2156 817 2208 et
842 2147 883 2223 03
910 2159 1074 2227 praeterea
1099 2142 1162 2230 ιτδιρ

30 2227 125 2313 λάγκες
153 2239 194 2313 B,
224 2238 259 2313 O,
292 2242 374 2322 quod
406 2245 481 2327 quid
508 2248 561 2321 eit,
598 2248 701 2306 statim
732 2246 865 2325 patebit,
895 2256 927 2307 et
955 2237 1100 2329 άμάτροσι
1123 2252 1160 2308 Β.

30 2336 157 2399 Maxime
179 2361 254 2400 vero
276 2341 406 2421 insignia
426 2355 473 2406 eet
491 2347 633 2407 lectionis
655 2347 791 2405 varietas
806 2346 839 2404 in
858 2343 992 2405 editione
1003 2347 1042 2420 A,
1056 2367 1160 2429 quam·
1257 2370 1261 2378 “

30 2438 69 2495 vie
101 2441 387 2520 interpretationem
416 2447 561 2508 Latinam
584 2448 712 2508 eandem
740 2446 882 2526 praebet,
915 2465 1007 2527 quam
1039 2456 1161 2508 ceterae

31 2537 185 2602 editiones.
229 2545 299 2604 Duo
321 2548 401 2607 euim
421 2549 511 2627 primi
532 2568 640 2610 verane
660 2550 705 2608 eie
730 2548 849 2608 exarati
875 2555 959 2607 suut:
986 2548 1048 2608 οιδε
1073 2553 1161 2609 λοκαι
1178 2573 1204 2615 οι

31 2652 79 2695 συν
98 2657 221 2721 αρνεσιν
241 2662 274 2704 εν
298 2665 417 2725 ονρεσιν
443 2669 537 2728 αμαγε
564 2649 694 2725 ιδονται,
726 2669 833 2729 γορτον
857 2649 1022 2730 παρδαλιστ
1044 2668 1161 2731 εριφοισ

31 2758 84 2812 αμα
103 2741 318 2822 βοσκησονται,
338 2749 461 2830 reliqua
486 2770 549 2810 non
569 2752 706 2823 variant,
732 2749 792 2808 nisi
816 2749 899 2829 quod
921 2752 1012 2810 etiam
1035 2744 1161 2831 φάγεται

31 2836 142 2916 legitur.
187 2844 254 2903 Iam
275 2848 381 2909 confer
401 2847 622 2928 Sibyllinorum
643 2850 825 2928 scripturam
845 2848 875 2908 3.
897 2870 927 2908 v.
950 2849 1022 2908 737,
1046 2871 1115 2931 sqq.

190 2940 223 3003 ἐν
247 2943 279 3007 δὲ
294 2944 380 3009 λύκοι
398 2969 429 3009 τε
450 2946 500 3008 καῖ
522 2941 610 3029 άρνες
633 2946 666 3008 ἐν
687 2942 806 3027 οὔρεσιν
826 2939 917 3024 άμμις
938 2945 1054 3009 ἔδονται

88 3076 93 3084 .
189 3037 309 3124 χόρτον,
331 3040 493 3126 παρδάλιές
508 3039 538 3109 τ’
561 3046 673 3132 ἐρίφοις
694 3040 756 3125 ἅμα
777 3038 984 3126 βοσκήσονται,

186 3137 290 3224 δι’ρκτοι
310 3136 367 3206 σδν
386 3139 505 3227 μόσχοις
524 3142 651 3227 νομάδες
671 3138 917 3226 αὖλισδήσονται,
983 3174 986 3179 ·

188 3240 371 3328 σαρκοβάρος
391 3268 421 3307 τε
441 3247 516 3309 λέων
536 3242 648 3330 άχνρον
667 3242 794 3329 φάγεται
813 3245 861 3309 bd
879 3241 994 3326 φάτνης

187 3334 227 3416 ὦς
246 3347 333 3424 βοῦς·
354 3347 406 3408 καὶ
425 3348 528 3422 παῖδες
548 3342 629 3428 μάλα
651 3346 754 3429 νήπιοι
775 3346 808 3410 ἐν
830 3349 981 3427 δεσμοῖσιν

187 3437 318 3519 άξουσιν.
340 3439 438 3529 πηρὸν
458 3441 517 3530 γάρ
537 3446 585 3510 tot
604 3450 694 3528 χθονὶ
713 3453 798 3533 θῆρα
818 3445 962 3529 τττοιήσει,

188 3544 240 3606 καλ
257 3546 411 3627 βρεφέεσσι
428 3544 587 3629 δράκοντες
606 3545 668 3631 ἅμα
689 3552 774 3628 σφίσι
796 3545 989 3629 κοιμήσονται

188 3638 264 3706 aeria
282 3639 488 3726 ἀδικήσουσιν,
1198 3704 1202 3713 ,

32 3743 75 3802 ubi
94 3745 254 3825 παρδαλὲες
265 3781 308 3790 -
322 3738 427 3826 φάγετ’
451 3745 483 3810 ἐν
505 3744 604 3832 φάτνῃ
617 3782 658 3791 -
671 3746 788 3823 ἕξουσιν
808 3748 833 3820 Ι,
855 3748 897 3820 ΙΙ,
920 3768 1000 3830 quae
1016 3770 1034 3808 e
1052 3749 1158 3810 oodioe

33 3841 119 3923 Regio
141 3845 326 3927 Opsopeeue
346 3850 484 3910 mutavit.
528 3850 615 3910 Idem
634 3851 667 3909 in
684 3857 758 3911 nota
777 3867 886 3908 versus
907 3849 963 3908 hos
987 3851 1109 3922 excitat,
1125 3859 1158 3909 ut

33 3946 112 4023 vulgo
130 3949 163 4007 in
187 3948 277 4008 editis
305 3932 460 4011 Laetantii
488 3950 714 4030 exemplaribus
745 3948 1012 4022 circumferuntur,
1042 3959 1157 4009 monet·

34 4063 99 4122 que,
128 4050 160 4107 in
192 4068 281 4109 maor.
316 4048 384 4109 eod·
412 4051 541 4129 primum
572 4060 604 4111 et
633 4049 802 4111 seeundum
823 4067 946 4111 versum
971 4049 1092 4124 itidem,
1126 4058 1160 4108 ut

34 4146 105 4221 apud
123 4147 291 4226 Sibyllam,
312 4149 392 4227 legi,
414 4151 475 4209 nisi
496 4150 579 4232 quod
600 4151 654 4211 ille
677 4151 843 4210 correctius
866 4139 972 4226 άμμιγ’
995 4170 1051 4228 pro
1070 4141 1161 4225 άμμις

35 4248 165 4326 seriptum
186 4248 315 4320 habeat,
338 4257 370 4308 et
390 4250 423 4309 in
443 4251 534 4310 tertio
557 4259 681 4310 exstare
702 4251 776 4309 τοῖσι
801 4249 915 4327 βοτοῖσι
935 4252 1058 4308 mundus
1072 4267 1159 4324 pecu·

35 4347 109 4405 dibre.
148 4347 258 4408 (lodex
285 4349 546 4426 Regiomontunus
576 4349 716 4430 quamvis
745 4350 856 4408 misere
884 4350 1024 4423 mutilus,
1053 4358 1158 4409 tamen

37 4446 136 4525 etipse
156 4448 251 4525 longe
272 4449 404 4528 plurima
426 4471 466 4509 ex
489 4451 536 4509 hie
560 4449 732 4521 confirmat,
755 4449 800 4508 sio
818 4469 925 4529 versus
948 4449 1114 4531 exbibens:
