2884 5184
385 463 582 513 ORACULA
605 465 847 518 SIBYLLINA.
1124 463 1183 524 115

63 639 116 696 riae
135 639 202 717 quis
222 638 349 696 nescit?
373 633 478 718 Atque
502 641 614 718 optime
637 642 715 702 haee
735 665 802 703 oum
827 646 935 723 σεισμῷ
958 649 1153 709 conveniunt.

251 831 361 916 μαινὰς
384 833 587 919 ἐχιδνοχάρης,
606 835 681 924 χήρη
703 842 884 903 καθεδεῐο
903 836 989 926 παρ’
1013 841 1143 927 ὄχθας,

248 938 300 1000 καὶ
322 932 452 1021 ποταμὸς
474 941 604 1019 Τιβερίς·
634 959 666 1002 σε
685 935 806 1004 κλαύσει
828 943 891 1004 καὶ
915 939 983 1024 σὴν
1002 945 1180 1030 παράκοιτιν

254 1035 305 1119 ἤτε
320 1036 483 1119 μιαιφόνον
502 1027 575 1123 ἦτορ
592 1041 680 1121 ἔχεις,
702 1036 795 1123 dordr}
816 1044 849 1105 δέ
866 1068 896 1106 τε
915 1041 1023 1127 θυμόν.

58 1137 98 1200 De
110 1144 205 1201 Roma
228 1164 330 1203 sermo
352 1154 413 1220 est3
438 1166 546 1204 versus
569 1148 683 1224 primus
706 1158 737 1207 et
758 1149 911 1209 secundus
931 1174 1054 1231 prorsus
1071 1159 1179 1215 emetri

58 1254 127 1316 sunt,
154 1265 226 1303 nam
250 1246 405 1304 soloeoum
425 1247 546 1306 καθεδ
553 1252 608 1307 εἷο
633 1271 652 1307 a
673 1250 797 1309 librario
821 1255 1027 1330 excogitatum
1046 1231 1177 1329 videtur,

56 1347 157 1403 ruinam
171 1368 284 1405 versus
302 1347 470 1407 suffulturo.
505 1349 636 1410 Videtur
650 1352 745 1411 fuisse
761 1351 923 1411 καθεδεῖ
940 1345 1031 1435 ὑπὲρ
1053 1348 1177 1432 ὄχθας.

57 1448 141 1506 Versu
168 1449 264 1507 tertio
294 1446 345 1507 ani
371 1460 443 1509 ante
471 1444 529 1529 σὴν
550 1452 773 1530 abjiciendum,
802 1463 832 1512 et
859 1476 913 1533 pro
936 1444 994 1532 σὴν
1014 1457 1178 1534 legendum

56 1549 160 1608 videtur
177 1540 264 1626 ἑὴν,
286 1560 320 1608 ut
341 1553 439 1610 Roma
460 1562 587 1611 vocetur
608 1574 687 1612 uxor
706 1554 840 1615 Tiberis.

56 1673 78 1709 v.
101 1650 165 1710 184.
205 1642 394 1731 αἰνοπαθὴς,
416 1644 782 1734 πολοδακρυμανης,
805 1646 882 1735 χήρα
899 1646 950 1713 διδ
970 1650 1090 1729 παντός.

56 1754 182 1813 Insanam
202 1754 296 1835 quasi
318 1758 577 1833 prorumpentium
596 1758 789 1816 lacrimarum
812 1757 930 1832 copiam
952 1757 1105 1835 signifieat
1122 1779 1175 1818 πο-

57 1850 290 1934 λοδακρνμανής,
318 1864 352 1912 ut
372 1845 532 1932 δλομανεῑν
552 1880 607 1919 seu
628 1861 816 1934 ξυλομανεῖν,
844 1862 1048 1936 χερσομανεῖν,
1076 1882 1173 1940 χορτο-

57 1961 151 2032 μανεῖν.
196 1959 284 2016 Hine
306 1977 429 2036 quoque
451 1959 547 2020 herba
568 1955 743 2036 πολύτριχον
765 1977 819 2015 seu
839 1953 1009 2036 τριχομανές
1029 1970 1149 2020 vocata.

56 2079 78 2115 v.
100 2056 166 2118 186.
208 2047 279 2117 ἄλλ’
299 2049 371 2116 ὅταν
393 2048 413 2136 ἡ
434 2052 540 2140 Βοὶρκη
559 2052 591 2119 τδ
613 2047 825 2116 κοπάσσιον
841 2047 1055 2135 ἆμφιβοὶληται.

56 2159 136 2220 Editt.
161 2153 349 2236 κυπάστιον,
372 2161 455 2240 quod
472 2172 572 2221 tamen
596 2177 662 2214 oum
677 2156 833 2233 Lycophr.
853 2155 925 2214 333.
948 2177 967 2213 a
985 2157 1174 2217 Schneidero

56 2264 132 2321 citato
155 2262 391 2334 eonferendum,
414 2268 577 2336 antequam
600 2255 767 2334 quidquam
789 2265 966 2316 statuamus.

55 2384 78 2420 r.
90 2361 155 2425 206.
165 2387 237 2446 sqq.
252 2354 344 2442 ἡνίκα
363 2353 420 2439 γαρ
441 2349 561 2428 τούτους
581 2345 683 2435 τροχὸς
702 2348 808 2429 ἄξονος
828 2353 1020 2435 αἰγοκέρατος

253 2455 358 2540 ταῦρός
376 2448 415 2516 τ’.
427 2454 460 2515 ἕν
482 2449 616 2535 διδύμοις
637 2453 728 2533 μέσον
747 2446 879 2536 οὖρανδν
900 2446 1057 2539 ἆμφιελίξη

251 2558 401 2638 παρθένος
421 2556 589 2636 ἕξαναβᾶσα
607 2555 658 2617 καὶ
677 2549 765 2644 ἥλιος,
782 2548 860 2636 ἀμφὶ
880 2554 1003 2642 μετώπῳ

249 2652 414 2737 πηξάμενος
434 2653 531 2739 ζώνην
552 2654 841 2740 περιποίμπολον
862 2653 1060 2744 ἡγεμονεύση,

250 2759 362 2821 ἔσσεται
377 2751 546 2842 ἐμπρησμὸς
560 2758 650 2840 μέγας
666 2757 801 2840 αἰθέριος
815 2752 890 2820 κατὰ
904 2765 994 2840 μαῖαν
1010 2784 1036 2820 κ.
1052 2785 1075 2823 τ.
1093 2766 1118 2820 λ.

55 2867 131 2942 Quod
152 2882 247 2944 quum
265 2864 415 2943 interpres
438 2866 481 2922 ita
501 2863 686 2922 reddiderit:

207 2973 237 3023 et
258 2965 345 3041 virgo
369 2964 560 3025 adscendens
581 2975 611 3025 et
634 2984 733 3024 zonae
754 2972 852 3023 tectus
875 2966 987 3023 amictu

206 3066 252 3124 sol
274 3066 404 3124 frontem
427 3065 535 3124 ductor
554 3075 649 3125 totum
668 3065 845 3144 peragrabit
867 3064 1045 3144 Olympum,

51 3166 85 3222 ita
108 3167 210 3226 locum
234 3167 393 3245 accepisse
424 3167 560 3241 videtur,
592 3169 682 3248 qnasi
711 3166 856 3245 scriptum
880 3168 919 3225 sit
943 3164 1025 3248 περὶ
1055 3163 1174 3226 πάντα

51 3256 103 3327 τὸν
124 3261 250 3329 πόλον.
295 3269 332 3325 ln
353 3270 457 3347 primis
481 3269 610 3346 syllabis
629 3265 701 3348 πυρὶ
721 3270 819 3328 latere
841 3269 972 3329 videtur.
1007 3271 1121 3329 Verum
1143 3272 1174 3328 in

51 3369 108 3428 loro
135 3370 313 3448 deplorato,
341 3370 394 3428 ubi
424 3390 525 3450 neque
548 3369 622 3427 ordo
644 3369 807 3429 verborum
828 3393 931 3451 neque
952 3374 1174 3431 astronomicae

51 3472 175 3531 rationes
197 3471 255 3530 sibi
275 3466 430 3544 constant,
453 3472 546 3529 tutius
570 3479 616 3528 est
637 3491 759 3529 manum
782 3472 947 3531 abstinere.

52 3591 76 3626 v.
92 3569 161 3630 216.
178 3593 225 3652 sq.
546 3567 600 3641 ἕως
621 3567 736 3642 ἐςίδωσί
755 3587 787 3628 σε
802 3564 910 3640 πάντες

249 3661 302 3731 τὸν
323 3666 415 3733 πάλαι
434 3665 606 3748 ἐκκόψαντα
622 3668 732 3748 πέτρην
752 3663 960 3745 πολοήλατι
981 3673 1088 3752 χαλκῷ.

51 3771 271 3833 Nominativum
300 3776 385 3833 vocis
418 3764 568 3851 πολύηλας
599 3792 715 3852 ponere
746 3790 807 3828 non
839 3769 996 3829 audemus.
1048 3771 1176 3830 Constat

53 3875 140 3948 enim,
167 3896 258 3956 quam
286 3877 476 3935 feracissima
506 3877 612 3952 lingua
636 3873 758 3932 Graeca
780 3872 873 3931 luerit
895 3872 1046 3949 ejusmodi
1066 3874 1174 3931 forma-

52 3993 123 4048 rum,
152 3996 232 4057 quae
262 3976 302 4034 ad
331 3977 506 4054 analogiam
528 3977 657 4034 aliarum
680 3975 875 4051 excogitatae
897 3982 981 4046 sunt,
1009 3974 1052 4031 ita
1073 3983 1175 4032 tamen

52 4084 80 4132 nt
105 4088 227 4155 praeter
247 4098 340 4136 unum
362 4079 532 4137 alterumve
554 4098 657 4136 casum
680 4075 837 4154 obliquum
860 4076 954 4135 ceteri
974 4095 1036 4133 non
1057 4075 1175 4133 inveni-

54 4186 148 4251 antur,
175 4200 365 4259 quorumque
394 4181 617 4250 nominativus,
645 4176 768 4257 qualem
796 4177 882 4234 multi
902 4198 970 4235 eum
991 4175 1128 4234 scribunt
1147 4183 1177 4232 et

53 4277 80 4334 in
109 4281 210 4340 lexiea
240 4282 516 4361 grammaticasque
550 4280 689 4357 recipere
723 4275 902 4355 dignantur,
942 4275 1071 4335 Graecis
1102 4276 1178 4354 ipsis

54 4398 129 4438 mera
148 4382 309 4442 barbaries
328 4384 414 4441 visus
436 4383 556 4441 fuisset.
595 4377 684 4455 Quae
702 4388 886 4456 sequuntur,
908 4378 1019 4436 misere
1037 4369 1178 4456 corrupta

57 4489 130 4554 sunt,
156 4503 257 4564 neque
286 4484 454 4565 quidquam
478 4483 611 4553 extrieo,
641 4478 701 4538 nisi
723 4478 804 4558 quod
828 4479 919 4537 video
938 4480 1043 4558 quinto
1067 4478 1178 4537 abhinc

920 4576 968 4638 8*
