2884 5184
317 480 431 526 arun
453 470 900 532 arciuumuu'oavrs.
1133 471 1173 531 63

41 651 75 708 In
96 648 184 709 editis
199 651 361 710 Lactantii
383 652 618 731 exemplaribus*
630 654 687 712 has
702 656 870 715 varietates
884 657 1022 735 reperio,
1045 657 1173 729 omissis,
1206 687 1210 694 ·

41 757 70 805 ut
95 749 127 806 in
156 758 321 828 posterum
349 771 490 829 semper,
528 752 696 811 levioribus
736 754 889 813 erroribus
925 754 1172 834 typographicis:

42 847 194 906 πεπλασται
222 848 266 921 A,
290 848 326 907 O.
353 868 498 919 ενιαντοις
522 848 562 923 Α,
583 851 619 923 Β,
644 851 679 909 O.
705 843 742 911 ὃν
770 874 822 912 και
846 854 995 928 πλανησεν
1016 852 1056 926 A,
1076 853 1112 926 B,
1136 853 1171 912 O.

42 934 152 1021 ἀγαθοῦ
179 943 234 1004 καλ
268 949 364 1015 ααιιοῦ
389 948 425 1020 Β,
450 946 485 1007 0.
505 983 547 991 —
577 949 614 1007 In
634 948 807 1029 Sibyllinis·
824 952 964 1011 invenies
989 951 1045 1009 hos
1065 972 1172 1011 versus

42 1042 89 1100 lib.
103 1040 131 1100 8.
150 1065 180 1101 v.
205 1042 283 1104 258.
305 1066 390 1126 sqq.,
412 1045 464 1104 ubi
483 1045 543 1106 duo
562 1068 671 1108 versus
693 1051 792 1109 mutili
814 1050 1005 1131 praecedunt

161 1138 214 1200 καῖ
236 1144 378 1223 φθαρτῆς
400 1132 510 1225 σαρκὸς
530 1148 632 1227 μορφῇ

161 1229 313 1319 οὐράνιον
334 1234 419 1300 δώσει
442 1238 492 1299 καὶ

161 1330 332 1420 ἀνθρωπον
350 1336 522 1397 πλασθέντα
542 1341 618 1398 θεοῦ
638 1333 861 1420 παλάμαισιν*)
882 1337 914 1401 έν
936 1333 1039 1414 αῦταῖς
1190 1368 1216 1409 22

160 1427 197 1496 ἀν
218 1428 251 1496 π’
276 1429 439 1514 ἐπλάνησεν
456 1429 526 1515 ὄφις
547 1437 666 1512 δολίως,
689 1435 736 1497 aa
757 1441 864 1519 μοῖραν
882 1429 1025 1499 ἀπελθεῖν

161 1539 215 1595 τοῦ
234 1529 373 1594 θανάτου
394 1535 505 1614 γνῶσίν
526 1555 556 1594 τε
578 1537 679 1614 λαβεῖν
702 1526 824 1615 ἀγαθοῦ
844 1558 873 1597 τε
894 1541 990 1598 κακοῦ
1010 1560 1046 1598 τε.

45 1633 149 1692 Verum
177 1645 231 1695 aut
258 1636 386 1695 multum
407 1636 499 1694 fallor
519 1645 573 1695 aut
594 1656 633 1695 ex
656 1637 818 1695 Lactantio
840 1637 970 1717 primum
989 1659 1111 1698 versum
1133 1661 1174 1699 ex

46 1729 86 1787 his
102 1733 196 1792 tribus
217 1733 377 1812 supplevit
393 1732 590 1811 Opsopaeus3
614 1754 685 1792 nam
703 1735 736 1793 in
759 1735 831 1794 edit.
851 1736 869 1793 I
885 1746 915 1795 et
926 1737 960 1794 H
979 1739 1024 1797 sic
1042 1739 1171 1815 legitur:

163 1829 215 1890 οιαὶ
236 1834 378 1911 φθαρτῆς
399 1822 508 1912 σαρκὸς
529 1835 632 1911 μορφῇ

162 1919 309 2008 οῦράνιον
330 1919 416 1985 δώσει
435 1924 486 1985 καὶ
507 1919 672 2006 ἀνθρωπον
692 1927 864 1990 πλασθέντα

161 2019 224 2086 ὅντ’
250 2018 415 2102 ἐπλάνησεν
436 2017 505 2100 ἀφις
528 2019 625 2100 δόλιος
645 2025 692 2086 ἐπὶ
713 2033 821 2110 μοῖραν
840 2020 984 2092 ἀπελθεῖν

162 2127 216 2183 τοῦ
237 2116 377 2183 θανάτου
395 2123 506 2202 γνῦσίν
528 2146 557 2184 τε
578 2127 679 2204 λαβεῖν
702 2120 822 2206 ἀγαθοῦ
843 2149 873 2188 τε
892 2133 988 2190 κανοῦ
1005 2151 1043 2193 τε.

52 2219 219 2302 Opsopaeus
244 2225 368 2304 quidem
391 2223 429 2299 de
452 2225 593 2303 suppleto
613 2246 705 2285 versu
726 2227 803 2285 nihil
824 2238 941 2301 monet,
965 2230 1171 2288 tantummodo

51 2320 168 2396 addens,
197 2325 438 2403 manuscriptum
459 2324 653 2381 Lactantium
675 2324 790 2383 habere
818 2316 982 2403 ἀνθρωπον
1002 2324 1173 2386 πλασθέντα

53 2425 78 2473 et
94 2409 159 2479 ‘o'vas
177 2443 232 2501 pro
254 2415 331 2505 ὅντεἸ
375 2421 440 2482 Sed
457 2423 511 2479 vix
534 2422 625 2481 credo
647 2424 839 2497 reticuisset,
869 2425 948 2483 siin
969 2444 1024 2483 suo
1046 2423 1170 2501 Sibylli-

51 2534 144 2577 norum
164 2521 271 2581 codice
293 2521 416 2599 adjecta
437 2522 516 2579 haec
535 2522 631 2580 verba
652 2523 828 2602 reperisset.
865 2524 903 2582 In
924 2524 1020 2601 Xysti
1037 2524 1173 2600 Betuleji

52 2622 113 2672 nota
129 2617 168 2675 ad
187 2620 272 2678 huno
292 2620 394 2678 locum
415 2639 498 2678 error
517 2621 759 2700 typographicae
774 2622 920 2681 lectorem
934 2622 1045 2681 morari
1059 2630 1171 2703 potest.

52 2709 92 2769 Ita
118 2718 194 2776 enim
217 2719 274 2780 isse
302 2704 545 2792 „concitarant
568 2722 612 2781 lib.
636 2723 695 2778 eod.
718 2738 783 2794 cap.
809 2718 857 2778 13.
883 2740 941 2795 pro
960 2724 1011 2778 λοο
1033 2739 1115 2780 versa
1132 2727 1173 2780 sic

53 2812 159 2883 ῑθγίαεαε.
186 2810 353 2897 ἀνθρωπον
380 2809 551 2877 πεπλάσθαι
575 2820 651 2875 θενῦ
677 2810 827 2893 παλάμαις
846 2814 889 2876 tot
912 2810 1014 2889 αῦταις
1035 2828 1062 2877 et
1080 2825 1109 2876 in
1130 2837 1172 2877 re-

54 2918 133 2978 aasz·
150 2933 231 2975 versa
250 2937 306 2990 pro
323 2911 458 2974 ἐπελθεῖν
471 2921 570 2990 ῖεγῖσαν
585 2907 736 2989 ἀπελθεῖν,
746 2935 803 2988 pro
820 2916 959 2990 ιιααοῦτε,
980 2912 1030 2972 καὶ
1045 2917 1173 2973 ααιιοῦ.“

57 3002 109 3066 Sed
125 3030 189 3071 cum
207 3016 277 3095 ipse
292 3014 452 3090 Betulejus
472 3015 504 3071 in
524 3022 612 3072 textu
635 3011 766 3071 ediderit
785 3000 928 3070 ἀπελθεῖν
948 3033 1077 3094 cumque
1099 3022 1174 3094 quot

55 3109 154 3167 contuli
167 3113 324 3173 Lactantii
346 3114 536 3193 exemplaria
556 3102 696 3172 ἀνελθεῖν
710 3111 811 3170 omnia
829 3111 1010 3184 exhibeant,
1034 3121 1173 3191 apertum

57 3210 95 3259 est
104 3210 191 3269 scribi
207 3213 321 3272 debere
338 3222 383 3282 „et
394 3217 423 3270 ιἰι
437 3216 560 3286 sequenti
573 3229 655 3270 versa
661 3230 719 3285 pro
735 3199 878 3269 ἀπελθεῖν
891 3215 988 3287 legitur
1002 3201 1173 3271 ἀνελθεῖν.“

55 3295 163 3364 Partem
187 3310 298 3370 horum
323 3328 466 3369 versuum
490 3311 556 3386 jam
585 3303 677 3369 antea
703 3307 857 3388 Sibyllina
885 3309 1026 3370 collectio
1055 3311 1172 3371 habuit.

56 3393 100 3454 lib.
121 3400 145 3459 1.
168 3427 198 3464 v.
221 3406 273 3466 39.
296 3428 364 3487 sqq.

534 3495 602 3576 τοῦς
624 3502 657 3563 δὲ
677 3495 748 3582 μάλ’
772 3496 854 3577 αἰνὸς

169 3594 348 3678 ἐξαπάτησεν
367 3593 437 3676 ῦφις
457 3600 560 3672 δολίοις
582 3600 629 3660 ἐπὶ
648 3607 757 3682 μοῖραν
779 3591 921 3662 ἀπελθεῖν
1017 3636 1020 3641 <

169 3704 221 3760 τοῦ
245 3692 383 3760 θανάτου
403 3699 514 3778 γνῶσίν
534 3719 564 3758 τε
586 3699 687 3776 λαβεῖν
707 3689 829 3776 ἀγαθοῦ
849 3719 879 3757 τε
901 3702 997 3758 κακοῦ
1018 3720 1057 3758 τε.

59 3785 148 3871 Atque
164 3799 320 3876 vulgatam
342 3797 465 3878 quidem
485 3799 518 3856 in
532 3798 694 3856 Lactantio
714 3797 896 3875 scripturam
913 3797 987 3855 ferri
1008 3818 1069 3856 non
1083 3819 1174 3877 posse

59 3900 182 3964 apartum
200 3907 261 3971 est,
282 3917 353 3956 nam
375 3898 489 3976 primus
507 3915 615 3955 versus
636 3914 759 3975 prorsus
781 3886 910 3974 ἀμετρος.
945 3896 1027 3954 Hinc
1050 3914 1217 3978 quoquere

61 3981 87 4041 in
110 3991 176 4054 edit.
202 3998 229 4055 B
256 4017 401 4056 versuum
427 3996 523 4054 om'nis
551 3993 703 4052 distinctio
731 3992 852 4051 sublata
876 4001 931 4052 cst.
975 3996 1091 4055 Vitium
1116 3996 1174 4054 hoo

59 4091 199 4155 metricum
225 4116 299 4157 vero
323 4096 434 4154 tollunt
458 4094 579 4154 codices
608 4094 659 4151 isti
690 4091 751 4151 duo
777 4093 945 4166 Lactantii,
975 4093 1053 4152 alter
1074 4091 1172 4172 Opso-

61 4221 241 4247 N·—

118 4301 142 4368 *)
163 4310 337 4375 παλαμαῖσιν
363 4327 491 4362 excusum
516 4290 575 4360 crat
597 4308 653 4372 jam
677 4310 710 4359 ab
734 4309 890 4373 Opsopaeo.
932 4309 987 4360 Sed
1015 4313 1175 4359 accentuum

63 4390 151 4437 errores
169 4395 252 4444 tacite
269 4410 376 4459 semper
394 4396 569 4445 correximus.
606 4393 652 4444 Sic
670 4394 771 4458 ubique
789 4409 917 4443 excusum
933 4398 992 4443 erat
1010 4395 1038 4442 in
1056 4394 1098 4443 his
1117 4408 1176 4443 ver·

63 4459 125 4516 ⁸ibua
142 4475 313 4531 πεπλάσθαι.
