2884 5184
377 447 564 507 Quirinos
585 448 848 498 sursnunuo.
1138 442 1179 506 39

48 642 74 679 v.
93 617 161 679 438.
252 615 304 679 σοί
324 616 357 680 δὲ
380 617 432 696 καὶ
453 616 480 680 εί
499 618 639 700 μέμονε
660 621 801 706 κραδίη
822 621 891 683 τάδε
911 617 1133 703 μηχανάασθαι.

47 722 130 781 Hunc
157 729 189 781 ct
219 730 405 802 sequentem
431 743 568 796 versum,
601 724 694 802 vulgo
724 724 917 799 deficientes,
948 725 1030 786 bona
1057 727 1178 788 fortuna

47 842 62 881 e
81 821 235 881 codicibus
259 823 395 882 restituit
415 824 620 902 Tychsenius.
664 822 728 885 Sed
749 824 942 887 scribendum
963 835 1044 887 erat:

249 919 301 981 σοί
317 918 350 982 δὲ
372 920 423 982 καὶ
443 921 470 982 εἰ
489 920 651 1002 μέμονεν
673 924 814 1006 κραδίη
834 919 904 987 τάδε
923 920 1144 1006 μηχανάασθαι.

533 1176 605 1235 Lm.
626 1176 685 1235 IX.

48 1346 73 1381 v.
87 1324 134 1385 80.
148 1348 217 1408 sqq.
236 1323 292 1387 καὶ
312 1315 374 1386 τότ’
398 1316 449 1404 ἄρ’
473 1317 508 1404 rii
528 1330 610 1387 θεῶν
628 1348 672 1400 τις
686 1317 746 1388 ὑπό
762 1327 874 1409 φρένας
888 1327 996 1408 ἔμβαλε
1008 1322 1124 1409 θάρσος

248 1420 415 1511 Δηϊφόβῳ,
438 1424 489 1487 καὶ
506 1431 585 1506 θῆκε
605 1419 676 1504 μάλ’
696 1422 843 1508 άτρομον,
862 1423 897 1508 ἠδ
916 1428 968 1490 καὶ
990 1420 1082 1491 αὐτόν

245 1518 347 1605 θυμός
368 1520 560 1609 ἐποτρύνεσκε
579 1525 647 1588 ποτλ
667 1520 793 1606 κλόνον,
813 1518 885 1608 ὄφρ’
905 1519 964 1590 άπὸ
984 1525 1112 1612 πάτρης

247 1626 416 1705 δνςμενέων
436 1619 588 1707 άλεγεινόν
606 1622 662 1689 ὑπ’
686 1627 764 1708 ἔγχεϊ
785 1620 860 1690 λαόν
882 1619 997 1716 όλίσση.

48 1726 202 1787 Rhodom.:
232 1730 308 1803 „vel
331 1731 423 1796 etiam
443 1732 541 1811 ipsum
564 1732 681 1791 animus
702 1732 842 1791 incitavit
865 1732 905 1791 ad
922 1755 1071 1813 pugnam,
1101 1745 1135 1796 ut
1156 1755 1176 1794 a

47 1829 134 1904 patria
155 1829 328 1911 (repulsus)
351 1851 460 1892 saevas
474 1833 607 1892 hostium
622 1833 726 1912 copias
742 1833 831 1893 hasta
846 1836 916 1895 neci
931 1835 1049 1896 daret.“
1083 1837 1175 1916 Quod

47 1930 122 1988 oncis
138 1931 264 1993 inclusit
286 1931 415 1993 verbum
436 1937 579 2009 repulsat,
607 1934 852 2014 interpretationi
872 1936 987 1997 latinae
1008 1948 1174 2018 propterea

48 2027 189 2092 addidisse
217 2034 344 2095 videtur
365 2034 619 2108 Rhodomannus‚
647 2041 681 2094 ut
703 2055 811 2096 sensus
840 2037 899 2098 sibi
919 2044 1088 2099 constaret:
1118 2038 1174 2098 sed

48 2137 92 2188 aut
115 2133 193 2193 male
217 2137 367 2216 scriptum
387 2145 441 2195 aut
456 2137 537 2196 male
560 2156 707 2197 excusum
733 2146 780 2196 est
806 2142 935 2213 repulsus
956 2159 1011 2218 pro
1033 2144 1172 2213 repulsas.

48 2230 149 2292 Verum
163 2237 260 2296 verba
276 2238 321 2301 ita
333 2238 509 2315 intelligere
523 2245 610 2297 vetat
625 2237 750 2314 linguae
764 2258 897 2315 graecae
913 2239 1044 2298 indoles.
1080 2239 1173 2299 Dicat

48 2331 139 2394 forsan
165 2338 296 2418 aliquis,
328 2329 387 2397 άπὸ
410 2330 523 2417 πάτρης
543 2339 573 2396 h.
588 2338 618 2395 ·l.
639 2339 716 2396 nihil
745 2339 830 2398 aliud
856 2339 1047 2417 significare,
1081 2358 1173 2418 quam

49 2427 143 2510 τηλόθι
156 2432 289 2520 πάτρης,
310 2447 345 2499 ut
365 2441 432 2500 fere
455 2439 639 2499 conveniant
662 2459 730 2498 cum
748 2439 938 2513 Homericis,
961 2439 999 2498 Il.
1022 2438 1077 2512 16,
1098 2438 1171 2499 460.

540 2531 593 2599 τόν
614 2538 645 2599 oi
661 2533 836 2619 Πάτροκλος
855 2538 952 2619 ἔμελλε

243 2639 370 2716 φθίσειν
391 2637 423 2701 ἓν
444 2641 535 2724 Τροίη
557 2633 732 2720 ἐριβώλακι,
753 2633 892 2719 τηλόθι
914 2631 1065 2720 πάτρης.

49 2731 122 2793 Idem
148 2738 296 2801 adhibeat
323 2743 395 2802 huic
423 2742 638 2820 significationi
666 2742 872 2803 adstruendae
901 2741 1051 2823 ejusmodi
1076 2744 1170 2816 locos,

49 2832 80 2891 Il.
100 2833 131 2911 2,
155 2838 224 2901 162.
249 2841 322 2903 178.

381 3004 383 3006 ,
575 2928 612 3017 ἧς
634 2938 734 2999 εἵνεκα
750 2937 854 3000 πολλοὶ
873 2930 999 3018 Ἀχαιῶν

245 3039 280 3102 ἐν
298 3040 390 3125 Τροίη
409 3031 573 3119 άπόλοντο,
595 3042 710 3118 φίλης
731 3032 802 3100 άπό
824 3040 1012 3120 πατρίδος
1033 3039 1127 3117 αἴης.

51 3133 150 3200 Verum
170 3153 223 3204 aut
245 3144 373 3204 multum
399 3145 507 3217 fallor,
540 3151 594 3202 aut
620 3131 680 3202 άπὸ
705 3134 819 3219 πάτρης
848 3161 904 3221 pro
930 3136 1038 3219 τηλόθι
1058 3134 1172 3221 πάτρης

51 3241 104 3296 tum
119 3239 236 3306 demum
258 3245 319 3305 dici
338 3253 454 3324 potest,
476 3243 527 3304 ubi
547 3243 588 3303 ad
603 3244 774 3322 subJectum
790 3245 1014 3304 enunciationis
1027 3245 1169 3318 refertur,

51 3338 125 3397 utin
144 3342 220 3406 locis
243 3365 284 3405 ex
305 3345 405 3405 iliade
426 3346 541 3420 citatim
569 3365 765 3427 nequaquam
784 3365 858 3404 vero
882 3344 967 3405 dicas
988 3347 1093 3406 τοῦτον
1113 3333 1171 3422 ἕγά

52 3429 150 3499 ἔκτεινα
171 3433 231 3508 άπὸ
251 3438 374 3526 πάτρης.
410 3446 469 3506 His
485 3446 623 3507 omnibus
640 3454 795 3526 permotus
810 3447 842 3505 in
857 3446 965 3525 Quinti
979 3447 1049 3507 loco
1063 3447 1168 3524 legen·

54 3532 113 3598 dum
129 3545 257 3607 suadeo:

596 3633 670 3723 ὄφρ’
695 3635 767 3703 άπὸ
787 3638 929 3724 πάτρης
1029 3713 1033 3717 ,

244 3745 408 3825 δνςμενίων
428 3737 579 3826 ἀλεγεινὸν
598 3732 651 3803 ὑπ’
676 3740 753 3821 ἔγχεϊ
774 3734 847 3802 λαόν
867 3736 1014 3824 ἐλάσση.

53 3833 161 3904 Dictum
179 3861 254 3909 vero
276 3856 322 3908 est
340 3836 395 3906 ὑπ’
417 3844 495 3924 ἔγχεϊ
517 3839 639 3928 ἐλάσση,
666 3842 919 3925 quemadmodum
941 3841 996 3915 10,
1022 3841 1092 3901 101.
1118 3831 1171 3900 τόν

55 3925 78 3991 δ’
95 3930 145 4000 ὑπ’
167 3939 270 4010 άκοντι
285 3941 370 4024 Τόψε
384 3937 460 4006 κατά
475 3940 631 4025 στομάχοιο
641 3942 757 4025 Μέγης.
784 3952 815 4003 et
830 3942 883 4016 11,
906 3940 978 4002 389.
998 3931 1052 4000 ὑπ’
1076 3931 1169 4016 άμφι-

54 4027 138 4114 τόνοιι
154 4046 302 4110 πελέκεσσι
323 4047 409 4128 ρης..
429 4046 530 4126 τειχει.
564 4048 655 4109 1111
681 4043 812 4120 1,·11o.
841 4041 877 4117 2,
905 4041 978 4105 τοι.
1000 4039 1072 4102 575.
1095 4038 1168 4100 455.

57 4132 85 4207 6,
103 4138 170 4205 211.
191 4146 572 4229 211.Ap011.e101.11,
598 4147 649 4210 26.
674 4146 744 4206 117.
770 4142 841 4203 τεο.

55 4238 164 4306 1111,
241 4240 312 4310 ἔνθ’
334 4241 394 4328 άρα
408 4251 451 4330 τῷ
472 4244 527 4327 μὲν
547 4241 660 4319 ἄκοιτις
679 4237 901 4325 ι’ντοτρομὲονσα
922 4228 1066 4319 κυδοιμόν

242 4338 316 4410 ἔντε’
340 4339 525 4432 άποιχομένηο
542 4340 731 4427 παρααήεε
753 4341 966 4426 δακρυχέουσα.

55 4430 272 4515 Βδοδοιιιιιιιιιιε
300 4453 422 4533 scripsit
453 4442 685 4530 παρανήνεε,
720 4444 973 4537 quemadmodum
1004 4462 1108 4506 omnes
1137 4441 1168 4517 4,
