2884 5184
210 485 274 531 p111
683 464 889 516 DEDICATIO.

212 655 294 742 peri.
333 644 534 714 Monendum
557 650 666 705 tamen
698 636 778 700 mihi
805 642 873 715 est,
905 631 1017 717 plures
1045 608 1295 694 observationes
1324 634 1362 689 et

214 766 473 843 emendationes,
496 780 577 845 quas
599 758 747 840 integras
765 775 809 818 ex
830 750 961 817 schedis
979 748 1095 815 horum
1114 745 1363 811 Addendorum

214 887 341 972 recepi,
363 879 476 969 paucis
502 874 714 943 adumbratas
731 872 803 957 jam
825 869 892 953 legi
919 869 953 933 in
981 864 1213 954 supplemento
1234 864 1363 929 tertiae

215 1002 370 1069 editionis
392 994 511 1061 Lexici
533 990 791 1057 Schneideriani.
1307 1074 1310 1080 Ι

258 1184 261 1188 ,
300 1118 353 1183 De
374 1115 535 1182 varietate
555 1108 723 1189 lectionis,
749 1127 847 1193 quam
869 1106 1019 1189 exhibui,
1031 1105 1165 1172 Codicis
1178 1102 1365 1186 Regimon-

214 1235 285 1303 tani
311 1231 488 1299 Librorum
511 1228 604 1295 Sexti
628 1227 790 1314 Empirici
816 1225 976 1291 adversus
999 1222 1249 1289 Mathematicos
1272 1218 1365 1284 haec

215 1347 458 1442 praemonenda
486 1345 568 1411 mibi
597 1353 683 1409 sunt.
737 1344 821 1409 Dixi
849 1344 884 1408 in
915 1340 994 1405 Vita
1020 1341 1136 1407 Patrui
1165 1337 1205 1403 de
1235 1336 1365 1417 stadie,

215 1469 306 1558 quod
326 1469 361 1532 in
375 1466 512 1530 Sextum
529 1462 732 1548 Empiricum
752 1460 916 1549 qnondam
938 1456 1133 1540 contulerat,
1155 1456 1197 1521 de
1217 1453 1365 1521 consilio

215 1608 324 1655 novae
347 1581 502 1650 editionis
524 1588 558 1643 et
582 1578 622 1643 de
644 1577 767 1643 Codice
782 1577 1032 1664 Regimontano,
1056 1597 1154 1663 quem
1175 1574 1300 1662 passim
1324 1574 1365 1636 in

216 1699 468 1793 programmatis
490 1698 636 1760 maxima
657 1718 733 1761 cum
760 1695 947 1761 laudatione
973 1702 1213 1761 commemorat.
1259 1691 1365 1758 Codi-

217 1843 289 1888 cem
306 1818 411 1900 hunc,
435 1814 635 1900 descriptum
657 1835 677 1877 a
699 1814 781 1880 Viro
803 1815 952 1896 Summo,
983 1811 1179 1879 Immanueli
1200 1810 1365 1878 Bekkero

217 1940 253 2003 in
277 1934 481 2024 praefatione
507 1932 662 1998 editionis
687 1932 933 1999 recentissimae
966 1930 1140 2018 [Berolini,
1178 1930 1270 1994 1842.
1299 1927 1364 2015 8.],

218 2056 362 2120 Patruus
385 2049 535 2117 conferre
558 2051 682 2137 incepit
702 2073 777 2115 cum
799 2050 941 2117 editione
960 2051 1108 2136 principe
1131 2047 1270 2113 Henrici
1288 2044 1365 2111 Ste-

218 2171 320 2260 phani
337 2168 462 2256 [Aurel.
474 2170 579 2247 Ν1621.
600 2167 685 2258 Fol]
707 2191 737 2232 a.
761 2169 792 2233 d.
811 2168 892 2233 XII.
909 2167 981 2234 Cal.
996 2167 1076 2252 Maj.
1097 2189 1127 2232 a.
1152 2167 1243 2246 1817,
1261 2163 1365 2228 hanc·

220 2310 285 2376 que
306 2285 513 2352 collationem
531 2297 646 2375 postea
673 2286 780 2352 denuo
804 2285 1026 2374 perlustravit.
1075 2285 1250 2351 Lectiones
1272 2282 1365 2347 vari-
1428 2304 1429 2313 ¹

218 2414 312 2472 antes
330 2414 366 2470 et
386 2403 541 2469 lemmata
560 2407 702 2491 margini
723 2404 922 2491 exemplaris
946 2403 1101 2469 editionis
1121 2402 1280 2492 principis
1301 2399 1363 2465 ad-
1429 2376 1430 2427 l

219 2525 369 2612 scripsit,
396 2523 523 2587 ratione
552 2522 666 2589 habita
702 2523 847 2589 omnium
879 2519 1039 2605 locorum,
1074 2545 1156 2610 quos
1183 2518 1363 2585 Fabricius
1430 2580 1432 2609 ,

217 2650 279 2729 aut
298 2662 342 2705 ex
364 2638 534 2704 codicibus
556 2648 613 2704 aut
634 2662 677 2705 ex
699 2641 833 2727 ingenio
855 2641 1097 2707 emendaverat.
1147 2639 1256 2721 Quum
1278 2659 1364 2703 vero

219 2760 305 2826 hanc
335 2757 425 2822 illius
460 2754 581 2823 codicis
610 2756 818 2825 collationem
850 2758 1033 2825 conferrem
1066 2780 1141 2823 cum
1162 2754 1365 2823 lectionibus

218 2873 443 2955 variantibus,
467 2894 550 2959 quas
572 2896 615 2938 ex
635 2873 692 2940 illo
714 2885 844 2942 notatas
862 2877 1037 2942 Bekkerus
1060 2897 1135 2941 cum
1152 2875 1235 2940 viris
1252 2872 1364 2939 doctis

217 2994 537 3074 communicaverat,
559 3015 626 3057 non
647 2993 765 3061 inutile
786 2994 856 3060 fore
878 2996 1008 3083 putavi,
1032 2995 1061 3060 si
1087 2995 1203 3081 paucis
1224 2992 1364 3057 adnota-

218 3100 410 3197 rem,*quae
433 3110 475 3175 ab
496 3109 620 3175 editore
642 3114 822 3178 novissimo
850 3111 905 3177 vel
926 3113 1165 3198 praetermissa,
1187 3110 1242 3176 vel
1263 3108 1366 3175 aliter

218 3231 304 3295 lecta
326 3236 412 3293 sunt.
454 3225 582 3290 Eodem
608 3228 705 3292 modo
727 3226 919 3293 Bekkerum
946 3250 1074 3317 quoque
1096 3229 1201 3294 multa
1221 3227 1365 3312 vidisse,

217 3366 305 3432 quae
326 3343 442 3409 Patrui
460 3344 564 3408 aciem
582 3344 783 3429 effugerant,
800 3366 866 3409 non
887 3354 937 3413 est
957 3346 1045 3433 quod
1065 3346 1194 3413 mirere.
1242 3345 1283 3410 In
1302 3367 1366 3411 no·

218 3461 331 3531 tendis
347 3469 456 3524 autem
478 3459 619 3546 singulis
640 3460 727 3528 hanc
749 3448 840 3527 viam
863 3462 965 3547 elegi,
987 3473 1024 3528 ut
1049 3463 1206 3531 lectiones
1228 3464 1365 3530 varian-

219 3590 270 3645 tes
293 3600 337 3643 ex
360 3586 472 3644 nostro
495 3578 609 3643 codice
632 3602 652 3643 a
672 3580 828 3647 Bekkero
851 3580 972 3646 diserte
992 3581 1159 3664 laudatas,
1180 3590 1214 3646 et
1234 3580 1366 3667 pariter

221 3698 379 3764 lectiones
401 3697 479 3762 inde
502 3699 537 3763 in
558 3706 686 3767 textum
708 3697 887 3765 translatas
909 3701 972 3782 ita,
993 3708 1031 3764 ut
1050 3698 1189 3765 aliorum
1208 3698 1365 3764 codicum

218 3816 375 3882 lectiones
395 3818 562 3883 variantes
578 3817 744 3883 indicatae
765 3826 892 3900 essent,
916 3819 1108 3900 omitterem,
1130 3839 1236 3903 neque
1259 3817 1365 3881 etiam

218 3934 260 3998 de
281 3934 323 3998 iis
351 3934 432 3998 locis
455 3936 633 4023 quidquam
655 3937 814 4019 dicerem,
836 3935 895 4001 ubi
918 3934 1000 4000 Cod.
1029 3935 1112 4020 Reg.
1142 3935 1185 4000 ab
1213 3934 1365 4003 editione

217 4052 365 4138 principe
387 4052 550 4120 decedens
574 4055 742 4141 conspirat
763 4076 837 4120 cum
858 4052 1009 4135 lectione,
1033 4074 1131 4139 quam
1153 4074 1196 4118 ex
1214 4054 1284 4118 suis
1305 4075 1363 4117 co-

217 4168 349 4234 dicibus
371 4173 495 4259 recepit
516 4172 701 4240 Fabricius.
752 4172 919 4237 Lectionis
940 4173 1134 4236 varietatem
1162 4170 1239 4237 libri
1260 4172 1365 4259 primi

219 4297 253 4352 et
274 4288 411 4352 secundi
429 4288 572 4355 Patruus
594 4292 665 4377 ipse
684 4299 911 4378 composuerat
933 4292 968 4355 in
995 4289 1124 4354 schedis
1143 4290 1363 4355 Additamen-

215 4414 340 4488 torum3
370 4416 552 4472 ceterorum
579 4408 738 4472 librorum
764 4405 922 4473 lectiones
952 4408 1112 4494 descripsi
1140 4430 1183 4473 ex
1209 4385 1362 4493 margine

215 4522 415 4609 exemplaris
438 4523 592 4588 editionis
611 4525 781 4611 principis,
802 4546 868 4588 non
889 4533 1047 4611 gravatus
1066 4526 1208 4593 minores
1227 4548 1361 4612 quoque
