2884 5184
404 485 517 531 arun
540 484 831 535 nscrnnrruu.
1131 475 1189 536 125

44 662 112 716 deum
138 675 240 716 aerum
272 668 304 717 et
328 680 458 735 maynum
481 664 694 735 primopenitum
714 679 766 739 πρ.
789 667 921 736 appellat.
965 663 1068 741 Atque
1095 663 1121 720 si
1144 663 1189 721 sic

43 760 258 820 Bunemannus
292 780 367 819 suos
397 759 520 820 codices
550 762 680 839 scriptos
707 762 868 843 editosque
896 765 1003 841 majori
1024 785 1098 823 cura
1119 784 1187 841 per·

44 859 213 933 lustrasset,
252 881 323 919 non
355 862 541 935 dubitasset,
577 873 677 923 utrum
704 864 886 923 Lactantius
920 865 986 942 ipse
1016 885 1055 923 an
1084 865 1189 942 glossa

43 959 111 1019 banc
130 982 245 1021 vocem
268 962 437 1021 addiderit.

516 1100 614 1159 rurs.
639 1099 669 1181 §-
691 1100 719 1158 5.

120 1251 234 1324 „Cujus
267 1257 404 1327 ονιρὶιιονι
427 1262 509 1327 utque
528 1262 659 1312 naturum
685 1258 751 1327 quia
773 1258 920 1329 concipere
938 1257 1030 1310 animo
1051 1272 1105 1310 non
1125 1262 1185 1326 pot-

43 1358 111 1418 erut,
133 1368 172 1408 ecc
193 1371 267 1411 aare
291 1360 422 1413 immenso
441 1364 534 1412 natum
556 1372 616 1413 esse
636 1359 721 1414 discit.-

202 1448 400 1535 πρωτόγονος
418 1453 546 1533 φαέθων
561 1450 737 1534 περιμήκεος
756 1446 841 1535 ἠέρος
861 1451 957 1531 οἷός,“

45 1550 90 1608 ubi
113 1554 156 1612 sic
185 1554 269 1615 Ood.
299 1557 395 1635 Reg:
432 1559 668 1637 primogenitus,
692 1561 897 1637 llportotonon
925 1567 995 1615 ante
1024 1557 1187 1615 luciferum

48 1650 406 1736 daedarsllepiarfflkeoc
429 1703 628 1718 .......
639 1706 646 1733 ,
670 1662 727 1732 ita,
749 1669 783 1718 ut
802 1659 917 1718 lineola
932 1659 1023 1717 rubra
1036 1659 1188 1739 reliquum

47 1772 141 1813 uersus
173 1760 314 1837 spatium
337 1763 477 1841 impleat,
505 1762 545 1820 ad
567 1761 763 1821 indicandum
786 1760 950 1820 defectum.
996 1761 1101 1820 Verba
1119 1762 1187 1839 ipsa

50 1850 159 1914 Graeca
188 1879 261 1919 cum
289 1861 419 1940 vulgata
441 1864 594 1923 Lactantii
625 1864 775 1943 scriptura
805 1865 995 1942 conspirant,
1025 1864 1084 1922 nisi
1104 1864 1187 1944 quod

48 1948 230 2034 πρωτόγονον
253 1964 338 2023 male
358 1983 416 2044 pro
438 1958 626 2045 πρωτόγονος
648 1976 709 2039 est,
733 1967 818 2025 etin
836 1959 1032 2044 περιοιμήιιεος
1050 1965 1187 2025 abundat

52 2073 74 2109 tt·
98 2055 259 2138 Ceterum,
301 2073 334 2124 ut
362 2068 421 2126 hoc
446 2068 542 2126 semel
569 2089 762 2144 moneamus,
798 2069 1017 2127 Bunemanuus
1046 2089 1085 2126 ex
1117 2067 1184 2126 cod.

52 2152 131 2215 Goth.
159 2167 343 2227 versionem
373 2168 472 2242 addit,
500 2175 640 2243 punapio
666 2175 773 2245 penitus
800 2172 879 2241 toapo
901 2173 943 2226 uel
967 2174 1097 2226 immenso
1119 2176 1186 2226 aare

52 2267 129 2316 notas.
174 2263 241 2325 Sed
271 2269 402 2328 eandem
423 2271 565 2329 Latinam
587 2268 886 2348 interpretationem,
915 2268 973 2326 nisi
1003 2269 1085 2348 quod
1107 2258 1209 2342 tonpo'

52 2363 108 2417 alre
128 2372 265 2443 tantum,
288 2371 424 2430 exclusis
445 2373 572 2431 vocibus
595 2376 637 2430 vat
649 2376 795 2438 immenso,
819 2368 980 2441 exhibent,
999 2371 1065 2446 jam
1082 2390 1185 2429 omnes

53 2464 134 2521 nostri
158 2467 234 2527 editi
257 2471 331 2530 libri
355 2474 544 2554 antiquiores
560 2473 725 2554 praebent,
747 2491 858 2549 magno
874 2469 1071 2543 documento,
1095 2490 1185 2558 quam

54 2564 234 2643 negligenter
266 2575 299 2632 in
326 2575 364 2632 iis
390 2575 585 2635 conferendis
615 2574 714 2634 editor
747 2582 888 2633 versatus
922 2574 1023 2632 fuerit.
1068 2574 1184 2633 Verum

55 2680 86 2720 sse
106 2668 191 2728 nimis
214 2674 276 2734 hoo
299 2697 376 2756 opus
400 2687 575 2751 excrescat,
598 2679 629 2736 in
651 2687 808 2757 posterum
828 2678 884 2736 has
905 2674 1183 2754 interpretationes,

56 2760 170 2830 Graecis
187 2777 295 2836 verbis
317 2777 506 2858 adscriptas,
530 2800 610 2860 quae
631 2800 797 2861 numquam
819 2781 885 2839 fere
909 2778 1020 2838 desunt
1038 2777 1069 2833 in
1095 2774 1184 2832 editis

57 2868 191 2950 antiquis,
214 2878 427 2957 negligemus,
451 2883 600 2953 contenti,
625 2901 663 2939 ea
685 2880 809 2952 afferre,
833 2900 913 2959 quae
938 2876 1036 2937 codex
1052 2876 1183 2952 scriptus

58 2970 171 3041 praebet
199 2988 254 3038 aut
277 3001 356 3060 quae
380 2981 420 3039 ad
440 2981 603 3041 lectionem
624 2980 868 3039 constituendam
890 2979 1020 3054 alicujus
1040 2978 1185 3034 momenti

59 3084 114 3128 esse
134 3077 233 3138 videri
254 3084 381 3159 possint.
419 3083 463 3143 Ut
485 3082 525 3141 ad
546 3102 668 3141 versum
692 3080 860 3160 Orphicum
881 3079 1058 3150 redeamus,
1076 3078 1183 3136 lauda-

59 3180 117 3228 runt
143 3196 211 3237 eum
230 3183 416 3262 interpretes
440 3185 479 3243 ad
507 3183 602 3264 Orph.
626 3184 744 3261 Argon.
767 3205 797 3242 v.
823 3183 871 3241 15.
918 3180 996 3253 Sed,
1026 3179 1108 3260 quod
1128 3180 1182 3236 mi·

59 3273 137 3348 reris,
167 3280 248 3341 inter
281 3285 349 3363 ipsa
377 3284 549 3362 fragmenta
584 3308 645 3346 non
673 3287 861 3359 retulerunt,
896 3284 957 3343 nisi
981 3285 1012 3342 in
1042 3292 1115 3346 nota
1143 3281 1183 3339 ad

61 3369 151 3450 fragm.
173 3382 202 3439 7.
225 3405 256 3442 v.
281 3382 309 3443 2.
331 3407 402 3465 pag.
425 3384 496 3446 465.
519 3389 625 3449 Herm.

511 3575 607 3633 suso.
632 3574 663 3649 a.
686 3575 715 3632 o.

133 3702 235 3767 „Hunc
257 3710 295 3763 ait
315 3723 374 3764 esse
392 3712 511 3765 amasium
534 3711 648 3765 deorum
659 3715 823 3779 patrantem,
845 3723 962 3777 quorum
978 3721 1065 3759 causa
1081 3707 1183 3760 coelum

65 3797 210 3877 vendiderit,
236 3810 381 3881 liberasque
404 3812 598 3882 prospexerit,
628 3817 658 3865 ut
684 3809 819 3865 baberent
838 3808 1021 3862 babitaculum
1039 3807 1202 3876 sedemque¹

27 3977 28 3982 ρ
65 3904 229 3965 c(inlusurum.-

215 4004 327 4069 ἔκτισεν
345 3999 511 4082 ἆθανοὲιοις
533 4000 627 4086 δόμον
646 4000 810 4084 ἅφθιτον.“

67 4086 162 4161 Misere
190 4119 349 4189 corruptus
375 4121 405 4170 et
433 4112 556 4170 mutilus
579 4112 609 4169 h.
633 4112 653 4168 l.
680 4118 727 4168 est
752 4107 851 4168 codex
873 4114 986 4165 noster.
1009 4109 1113 4167 creavit
1132 4110 1181 4161 tm-

68 4206 206 4266 mortalibus
222 4210 274 4269 ekt
276 4212 400 4270 iconatlt
389 4223 443 4290 toy
461 4216 568 4271 domum
582 4218 774 4286 irtcorruptam
790 4212 858 4270 aad.
875 4210 905 4267 h
924 4231 952 4268 e
967 4223 1079 4265 εκτισεν
1094 4209 1182 4265 οιθτοι

69 4300 135 4372 “⁰²³2
156 4308 204 4367 ubi
226 4311 366 4371 videmus
396 4316 523 4393 primam
551 4334 660 4373 vocem
686 4310 800 4372 ἔκτισεν
826 4313 989 4388 integram,
1018 4309 1185 4369 secundam

68 4378 211 4480 ἀθανάτοις
228 4414 330 4472 multis
352 4415 388 4473 lit
376 4417 450 4474 teris
471 4424 651 4476 truncatam.
695 4415 804 4472 Tertia
825 4406 918 4489 δομον
937 4430 1062 4489 prorsus
1086 4412 1182 4486 deest,

69 4512 175 4571 quartae
205 4534 279 4572 vero
311 4517 428 4594 primae
461 4526 579 4576 tantum
606 4526 668 4576 tres
694 4517 804 4575 literae
832 4516 956 4588 adsunt,
994 4536 1096 4596 neque
1121 4517 1181 4574 hae
