2884 5184
374 452 377 457 “
410 468 493 515 turi
517 469 595 518 can.
618 470 749 519 nonov.
773 472 917 521 sraovn.
1144 480 1234 527 xxm

90 658 266 700 numerum
300 637 494 702 referendus
530 649 581 704 est
615 663 745 724 eorum,
782 665 920 725 quorum
955 646 1233 728 exspectationem

90 738 218 802 frustra
239 739 343 803 movit
364 739 445 804 viris
468 738 584 805 doctis.
629 741 704 805 Non
724 765 859 827 possum
878 744 1058 825 abstinere,
1080 747 1161 829 quin
1179 769 1231 810 oc·

90 842 226 905 casione
248 839 360 905 oblata
382 842 417 904 in
436 841 628 906 universum
652 863 759 927 pauca
780 844 941 908 disseram
967 844 1008 908 de
1035 843 1096 906 hac
1124 846 1230 911 desid·

89 943 192 1023 toria,
216 950 253 1004 ut
278 943 325 1006 ita
346 940 469 1024 dicam,
492 942 618 1007 Struvii
636 945 673 1007 in
697 942 802 1008 literis
825 947 968 1026 ratione,
990 966 1104 1029 quam,
1124 948 1153 1010 si
1174 971 1230 1011 ex-

88 1042 215 1129 pletam
234 1042 333 1126 hujus
354 1042 419 1108 viri
441 1043 618 1128 imaginem
640 1044 736 1109 nobis
759 1044 918 1129 effingere
943 1044 1111 1127 volumus,
1135 1048 1230 1111 silen-

88 1146 138 1209 tio
169 1145 430 1229 praetermittere
462 1146 646 1229 nequimus.
700 1145 773 1209 Viri
800 1145 888 1211 docti
923 1168 981 1210 suo
1012 1146 1088 1231 jure
1122 1149 1232 1212 mirati

91 1256 171 1311 sunt
193 1254 227 1310 et
248 1244 437 1326 doluerimt,
461 1245 629 1311 Struvium
648 1269 707 1332 pro
729 1269 867 1331 magno,
893 1269 958 1333 quo
981 1249 1016 1311 in
1043 1245 1156 1311 literas
1182 1250 1230 1311 in·

88 1347 283 1428 eumbebat,
315 1344 440 1428 studio,
463 1369 522 1431 pro
545 1346 705 1430 singulari
735 1345 911 1427 facilitate,
936 1368 1001 1432 qna
1020 1370 1143 1413 novum
1165 1358 1230 1413 stu·

89 1449 222 1513 diorum
244 1467 395 1533 campum
415 1446 601 1528 obtinebat,
624 1470 690 1513 non
710 1448 785 1534 plus
815 1469 950 1533 operum
971 1448 1105 1532 majoris
1127 1449 1229 1514 ambi·

86 1561 144 1615 tus
167 1549 365 1637 perfecisse,
388 1547 446 1611 sed
470 1569 599 1632 semper
619 1548 689 1613 fere
713 1550 841 1612 minora
869 1548 1048 1633 specimina
1074 1547 1228 1631 edidisse,

87 1650 212 1737 quibus
242 1670 397 1733 magnam
422 1649 567 1712 omnium
594 1650 876 1736 exspectationem
902 1648 1072 1711 excitaret.
1124 1646 1228 1732 Cujus

87 1753 139 1817 rei
160 1772 262 1815 eausa
283 1757 371 1814 certe
394 1771 437 1814 ex
458 1757 552 1834 parte
580 1751 733 1836 ponenda
760 1758 811 1813 est
837 1749 873 1812 in
900 1748 1146 1833 circumscripto
1169 1750 1228 1812 otii

86 1865 255 1940 tempore,
276 1852 325 1915 uti
345 1850 504 1936 Dorpati,
526 1851 573 1914 ita
591 1859 704 1937 postea
719 1850 938 1935 Regimontii,
952 1846 1009 1911 ubi
1033 1870 1130 1933 saepe
1152 1871 1227 1912 con-

87 1955 307 2042 querebatur,
338 1960 441 2016 totum
468 1951 554 2014 diem
583 1950 842 2037 defatigantibus
874 1949 1019 2013 muneris
1055 1948 1227 2012 directoris

86 2055 260 2120 laboribus
280 2052 345 2117 sibi
366 2051 506 2116 absumi.
551 2050 673 2117 Verum
698 2054 780 2117 haec
801 2075 867 2116 non
891 2051 989 2113 unica
1016 2057 1086 2112 erat
1115 2069 1225 2111 causa.

87 2156 262 2222 Taedebat
283 2160 436 2242 patruum
456 2156 584 2240 operosi
607 2164 640 2218 et
661 2177 759 2240 saepe
783 2151 913 2215 molesti
940 2149 1076 2229 laboris,
1105 2151 1226 2231 quoin

86 2257 290 2346 perficiendo
318 2254 442 2339 majore
477 2277 574 2340 opere
602 2256 715 2341 utique
748 2275 830 2340 opus
860 2261 920 2314 est.
970 2248 1016 2311 Ut
1042 2248 1128 2308 enim
1157 2256 1224 2311 toto

87 2360 200 2422 animo
222 2354 431 2440 indagandae
454 2357 645 2441 antiquitati
674 2378 709 2419 se
730 2353 873 2419 vovebat
900 2359 933 2413 et
955 2345 1075 2408 eximio
1099 2346 1226 2428 ingenii

87 2459 241 2520 acumine
275 2459 496 2543 repugnantia
523 2459 610 2521 inter
641 2478 677 2520 se
707 2452 805 2518 facile
834 2443 1057 2524 consociabat,
1086 2442 1226 2506 obscura

86 2556 294 2637 illustrabat,
325 2559 372 2623 ita
398 2580 500 2643 grave
534 2566 567 2621 et
594 2558 816 2645 importunum
842 2554 874 2617 ei
901 2544 1087 2623 videbatur,
1114 2544 1224 2607 varias

87 2659 150 2722 has
171 2681 224 2721 res
248 2657 309 2722 sub
331 2679 472 2722 examen
492 2680 627 2742 vocare,
650 2679 771 2742 easque
793 2651 879 2720 omni
901 2666 943 2709 ex
963 2652 1056 2729 parte
1078 2643 1223 2708 elabora-

85 2768 142 2824 tas
169 2760 251 2822 viris
278 2757 383 2823 doctis
414 2780 606 2845 proponere.
652 2760 789 2839 Quoties
819 2746 1040 2837 quaestifflffiffl
1067 2742 1222 2827 aliquam>

86 2883 192 2946 quam
215 2860 366 2923 dirimere
395 2862 538 2924 maxime
566 2863 637 2946 ejus
666 2862 837 2931 intererat,
863 2868 898 2909 se
926 2842 1109 2908 absolvisse
1129 2853 1222 2928 puta—

86 2962 166 3042 bat,
186 2962 312 3045 gratius
333 2970 366 3024 et
379 2961 561 3045 jucundius
579 2963 612 3024 ei
634 2967 704 3024 erat
723 2959 827 3018 mente
846 2966 919 3008 eam
939 2963 1096 3027 reponere
1118 2951 1157 3004 et
1180 2943 1223 3005 ad

86 3062 175 3127 alias
200 3060 369 3148 progredi,
395 3082 493 3147 quam
514 3060 678 3126 interdum
701 3050 876 3119 subsistere
904 3052 937 3106 et
963 3063 1096 3126 eampo,
1125 3063 1222 3125 quem

85 3163 187 3228 modo
211 3183 363 3227 emensus
384 3170 471 3244 erat,
503 3162 610 3227 denuo
635 3154 845 3247 perlustrato,
868 3164 988 3223 novas,
1016 3163 1099 3228 quae
1130 3143 1161 3205 ei
1186 3164 1222 3204 se

85 3264 295 3346 obtulerant,
323 3285 377 3327 res
410 3284 602 3348 componere
629 3267 662 3323 et
688 3248 852 3334 evulgare.
896 3246 962 3311 Hie
995 3243 1027 3306 ei
1052 3265 1123 3306 mos
1151 3251 1222 3306 erat

85 3389 159 3432 non
180 3373 306 3429 tantum
328 3364 385 3428 illo
407 3374 570 3450 tempore,
591 3360 648 3425 sed
668 3373 726 3440 per
746 3357 849 3413 totam
868 3349 987 3428 vitam3
1011 3354 1044 3407 et
1065 3344 1141 3428 jure
1165 3343 1220 3406 do-

86 3470 214 3549 lemus,
240 3467 328 3553 quod
350 3488 393 3530 ex
412 3473 502 3530 tanto
524 3465 587 3529 viri
609 3457 695 3523 illius
724 3450 891 3514 doetrinae
914 3457 947 3511 et
969 3446 1130 3510 acuminis
1151 3444 1220 3508 the-

87 3590 190 3634 sauro
211 3576 278 3631 tam
296 3589 402 3654 pauca
423 3565 517 3630 nobis
539 3562 733 3641 obtigerunt.
778 3547 933 3627 Accedit,
956 3547 1044 3632 quod
1065 3546 1222 3608 memoria

86 3667 253 3753 singulari
275 3669 379 3734 fretus
405 3683 559 3732 summam
581 3677 709 3735 eorum,
732 3672 816 3738 quae
835 3670 877 3712 ex
898 3647 1016 3709 studiis
1037 3645 1219 3724 hauriebat,

86 3771 224 3835 chartae
245 3792 312 3833 non
338 3769 527 3840 mandabat,
558 3757 696 3841 ideoque
728 3754 763 3815 in
793 3748 923 3813 scriniis
950 3745 1040 3828 ojus,
1070 3744 1220 3832 quamvis

85 3869 247 3936 nonnulla
274 3871 405 3955 egregia
434 3859 615 3925 studiorum
644 3855 830 3938 fragmenta
860 3846 1084 3922 inveniantur,
1117 3845 1222 3904 neuti-

86 3994 189 4061 quam
209 3980 334 4035 tantum
353 3970 456 4043 inest,
477 3966 634 4045 quantum
656 3977 699 4019 ex
718 3952 844 4017 ambitu
865 3958 898 4012 et
918 3947 1077 4010 varietate
1098 3941 1220 4025 disqui-

86 4076 246 4139 sitionum
265 4071 304 4134 ab
326 4087 365 4128 eo
385 4063 608 4128 institutarum
629 4062 820 4143 exspectare
842 4050 929 4114 licet.

175 4158 271 4236 Anno
301 4169 381 4230 1805
404 4164 524 4227 Struve
552 4161 588 4223 in
613 4155 857 4220 matrimonium
885 4149 981 4214 duxit
1010 4141 1222 4207 Guilielmam

87 4277 252 4360 Sparwat,
285 4275 415 4353 neptem
448 4273 481 4327 et
512 4259 613 4323 filiam
641 4255 829 4340 adoptivam
857 4251 1008 4315 Roemeri
1039 4244 1220 4330 cujusdam,

88 4374 147 4459 qui
165 4374 201 4436 in
220 4369 361 4434 Livonia
381 4363 550 4453 praedium
572 4355 772 4445 possidebat.
817 4351 915 4415 Felix
934 4349 996 4413 hoc
1018 4346 1219 4431 conjugium,

12 4538 19 4551 ,
88 4482 204 4540 mutua
225 4469 452 4539 aestimatione
474 4472 507 4528 et
528 4479 636 4526 amore
656 4456 786 4537 fultum,
810 4453 905 4518 annis
927 4449 1114 4515 labentibus
1135 4444 1222 4509 laeta
