2884 5184
251 428 290 490 12
364 508 367 511 Ι
578 441 767 500 oo1urus
790 441 1052 490 suraulaus.

248 628 349 690 terea,
377 617 455 675 alias
478 635 547 675 esse
569 635 663 676 voces
687 617 785 696 primo
811 625 937 697 aspectu
960 617 1091 689 similes,
1123 616 1179 677 sed
1201 636 1288 697 quae
1310 618 1395 695 aspi·

247 721 398 780 rationem
419 738 480 778 uno
499 725 616 777 tantum
635 717 704 777 loco
723 720 789 795 jam
809 719 947 798 primitus
962 719 1152 799 receperint,
1173 720 1217 778 ita
1245 729 1280 779 ut
1298 721 1397 779 litera

249 822 399 901 aspirata,
436 840 649 901 quamcunque
679 818 718 878 ob
747 838 870 879 causam
899 827 1031 892 mutata,
1063 821 1208 899 spiritum
1234 843 1300 881 non
1332 821 1398 879 alio

248 923 451 1000 transtulerim
482 921 553 982 illas
580 941 655 980 vero
683 939 793 993 voces,
826 918 865 979 de
894 920 1004 999 quibus
1035 921 1121 980 initio
1148 922 1247 981 locuti
1273 943 1398 993 sumus,

248 1045 413 1105 numquam
442 1025 551 1104 spiritu
584 1041 690 1083 carere
720 1040 822 1101 posse.
869 1022 913 1082 Ut
938 1043 1000 1081 uno
1027 1024 1171 1102 exemplo
1197 1045 1261 1083 rem
1293 1033 1399 1083 totam

249 1127 361 1188 clarius
388 1128 427 1188 ob
455 1126 559 1187 oculos
586 1144 750 1204 ponamus,
777 1123 975 1205 inspiciamus
996 1125 1093 1185 verba
1120 1120 1211 1204 τρέχω
1232 1133 1263 1184 et
1286 1118 1397 1201 τεάχω.

131 1302 134 1305 Δ
248 1229 408 1289 Posterius
422 1229 481 1288 hoc
496 1227 713 1307 aspirationem
726 1245 892 1307 numquam
904 1226 1053 1302 alternat3
1072 1226 1145 1285 hinc
1159 1217 1259 1300 τεύξω,
1274 1223 1396 1303 ἔτευξα,

251 1326 390 1408 τέτνγμαι
418 1339 477 1389 etc.
527 1330 617 1389 Prius
645 1347 720 1387 vero
752 1328 818 1387 sine
845 1327 1032 1406 aspiratione
1062 1345 1130 1386 esse
1158 1329 1279 1408 nequit;
1318 1328 1396 1386 hinc

249 1427 403 1510 θρέξομαι,
418 1429 524 1510 ἔθρεξα
540 1439 598 1491 etc.
620 1428 726 1509 Atque
741 1429 813 1490 huic
826 1450 935 1489 vocum
948 1429 1040 1488 classi
1055 1427 1287 1488 adnumeranda
1301 1438 1394 1487 sunt:

334 1525 485 1610 θάτττω,
513 1528 644 1609 τέθηπα,
674 1528 793 1606 ἔταφον.
814 1564 857 1574 -
879 1526 1005 1607 τέτωφα,
1031 1526 1153 1605 ἔθαψα,
1181 1522 1315 1605 ἒτάφην,
1346 1525 1394 1586 τὲ-

250 1639 378 1712 θσιμμσιι.
398 1668 439 1677 -

336 1731 471 1813 τρέφω,
494 1732 635 1813 τέτροφα,
655 1729 790 1811 ἔθρεψα,
813 1725 959 1811 ἐτράφην,
982 1729 1150 1811 τέθραμμαι
1171 1740 1229 1791 etc.

333 1831 467 1914 τρέχω,
489 1831 633 1914 θρέξομαι
655 1856 679 1894 s.
702 1831 818 1911 θρέξω,
841 1832 958 1913 έθρεξα.

335 1928 505 2014 θρύπτω,
527 1926 659 2013 θράψω,
680 1930 863 2014 τέθραμμαι,
884 1929 1023 2014 ἐτράφην.

334 2030 451 2113 τάφω,
474 2025 585 2112 θάψω,
607 2027 727 2113 έτάφην.

250 2149 344 2221 atque
367 2136 574 2199 enominibus

336 2239 423 2321 θρίξ
431 2286 438 2311 ,
458 2231 572 2320 τριχός,
595 2236 679 2319 θριξέ
698 2284 704 2297 .

335 2334 463 2420 χιτών,
486 2333 594 2400 amoto.

334 2434 464 2523 ταχάς,
487 2432 628 2516 θάσσων,
646 2431 789 2516 τάχιστος.

249 2556 280 2605 et
296 2548 340 2605 sic
356 2546 389 2604 in
405 2543 550 2602 derivatis
566 2562 704 2622 quoque,
721 2536 871 2617 θαπτέον,
885 2531 994 2617 τάφως,
1009 2533 1144 2620 θράμμα,
1163 2533 1309 2621 τρυφερός
1325 2553 1388 2603 etc.

248 2648 331 2705 Hinc
353 2644 427 2704 satis
444 2651 545 2722 patet,
569 2663 653 2716 eum,
676 2643 729 2725 qui
747 2638 908 2722 τέτρνμμστ
924 2663 986 2702 uon
1008 2643 1106 2703 solum
1124 2652 1210 2702 recte
1231 2642 1292 2702 dici
1311 2666 1386 2704 con-

245 2746 367 2820 tendat,
389 2743 514 2804 sedvel
537 2744 626 2804 alteri
647 2739 814 2825 τέθρνμμαι
830 2745 981 2825 praeferri
1006 2744 1123 2804 debere
1144 2743 1266 2816 credat,
1289 2747 1387 2805 etiam

248 2847 378 2928 έτρσψα,
400 2837 522 2926 τράψω,
542 2839 644 2922 τάψω,
666 2839 768 2923 τάφω,
799 2838 929 2922 τάσσων,
954 2844 1029 2925 τριξί
1049 2854 1107 2905 etc.
1130 2866 1192 2905 non
1214 2846 1314 2905 solum
1337 2857 1384 2907 to·

245 2951 347 3010 lerare
366 2948 422 3010 sed
442 2948 494 3007 vel
514 2947 660 3026 vulgatae
680 2949 850 3029 scripturae
876 2949 1036 3027 praeferre
1058 2946 1183 3007 debere.
1216 2947 1324 3029 Atque
1340 2952 1385 3009 ita

245 3054 421 3113 Riemerum
439 3047 601 3128 judicare,
622 3048 754 3109 fortasse
773 3048 888 3108 iudicio
911 3049 965 3122 sit,
988 3047 1070 3128 quod
1090 3068 1115 3107 s.
1130 3068 1161 3106 v.
1183 3044 1281 3127 τρέφω
1303 3053 1383 3129 legi·

243 3164 307 3225 tur,
337 3149 504 3229 τέθραμμαι
533 3149 594 3208 dici
620 3169 676 3227 pro
702 3147 864 3230 τέθρεμμαι
890 3155 920 3211 et
948 3149 1007 3208 hoc
1030 3169 1086 3227 pro
1109 3145 1271 3228 τέτρεμμαι.
1319 3151 1385 3213 Sed

244 3254 295 3312 hio
317 3270 392 3310 sane
415 3249 591 3308 accusanda
612 3258 659 3310 est
675 3252 736 3309 viri
757 3252 850 3330 hujus
874 3252 956 3312 docti
975 3250 1197 3323 inconstantia,
1220 3252 1304 3331 quod
1319 3275 1384 3313 non

245 3351 354 3412 eodem
382 3348 472 3410 modo
496 3349 585 3408 nobis
607 3345 707 3429 τρέφω
732 3373 787 3431 pro
812 3349 936 3432 θρέψω,
969 3344 1056 3429 τάψω
1076 3373 1132 3431 pro
1157 3342 1254 3425 θάψω
1276 3353 1382 3414 obtru-

245 3454 318 3513 dere
340 3451 442 3511 audet.
487 3452 603 3512 Verum
622 3453 714 3513 latius
738 3455 832 3514 etiam
851 3456 929 3515 haec
950 3453 1155 3513 inconstantia
1174 3454 1286 3533 serpit3
1310 3476 1383 3515 nam

243 3554 325 3614 idem
346 3553 421 3612 alibi
444 3547 530 3631 τάφω
551 3574 607 3634 pro
629 3545 724 3629 θάφω
744 3564 775 3615 et
794 3549 880 3633 τάφω
900 3576 956 3636 pro
976 3550 1071 3630 θάφω
1087 3554 1201 3614 dictum
1220 3575 1289 3616 esse
1308 3577 1380 3616 con·

241 3656 354 3733 tendit3
389 3672 480 3737 quam
507 3657 647 3735 regulam
674 3658 700 3716 si
727 3658 891 3730 tenuisset,
925 3677 987 3716 nou
1014 3677 1050 3717 eo
1078 3663 1262 3735 perventum
1287 3657 1381 3731 foret,

241 3766 276 3819 ut
306 3747 438 3837 ἐτράφην
465 3778 484 3817 a
510 3751 627 3839 τράπτω
651 3778 744 3841 quam
769 3778 787 3816 a
808 3749 935 3836 θράτττω
962 3757 1116 3818 deducere
1144 3757 1306 3817 maluisset
1328 3760 1382 3819 vel

241 3856 400 3941 τέτρνμμαι
424 3861 606 3939 praeferret.
650 3861 762 3941 Neque
792 3867 895 3918 tamen
920 3859 993 3918 hinc
1021 3861 1182 3940 quisquam
1203 3859 1381 3933 concludat,

239 3981 289 4019 me
309 3980 444 4048 negare,
473 3951 616 4038 θράτττω,
639 3952 735 4040 τράω,
759 3951 894 4040 δράττω,
918 3969 1011 4042 atque
1035 3963 1079 4020 sic
1100 3962 1133 4020 in
1154 3960 1224 4019 aliis
1246 3961 1380 4021 vocibus

241 4060 318 4117 alias
347 4060 461 4117 formas
491 4069 637 4137 cognatas
663 4081 742 4122 esse.
793 4061 857 4122 Sed
887 4069 922 4122 ut
950 4064 1051 4123 omnia
1075 4063 1219 4122 frumenti
1248 4082 1378 4140 genera,

240 4158 391 4230 triticum,
425 4157 544 4233 secale,
576 4161 726 4224 hordeum
754 4171 813 4225 etc.
843 4165 924 4225 inter
954 4185 989 4225 se
1016 4166 1153 4225 maxime
1177 4172 1310 4243 cognata
1339 4166 1380 4225 ad

239 4278 331 4317 unam
359 4258 549 4340 eandemque
577 4263 751 4342 plantarum
771 4267 903 4326 classem
923 4267 1035 4327 referri
1053 4266 1184 4339 debent,
1214 4274 1248 4325 ut
1271 4273 1379 4327 tamen

238 4380 417 4441 numquam,
445 4362 498 4422 ubi
527 4364 660 4424 triticum
680 4367 813 4440 severis,
842 4368 989 4429 hordeum
1017 4377 1100 4428 terra
1124 4367 1304 4447 progignat,
1334 4368 1379 4426 ita

239 4482 362 4546 quoque
383 4465 439 4525 illa
457 4465 554 4524 verba
577 4475 710 4544 cognata
734 4476 820 4542 suut,
842 4469 900 4529 sed
916 4478 951 4531 ut
970 4490 1135 4549 numquam
1157 4461 1285 4548 θράττω
1305 4488 1326 4525 a
1343 4489 1378 4528 se
