2884 5184
343 492 527 557 oururos
552 486 820 543 sunericus.
1109 474 1149 545 33

28 698 43 733 r.
66 672 134 734 138.
171 662 244 733 ἄλλ’
267 666 427 752 άραχεῖμα
447 663 588 743 μένουσιν
603 656 665 726 διεδ
685 664 809 745 σκέπας,
831 659 885 747 ἠδέ
903 663 1059 747 φάραγγας

175 763 340 856 άγρόμεναι
360 760 570 845 θάμνοισιν
588 756 661 827 διεδ
682 773 824 851 σιιιεροῖσι
841 765 979 846 νέμονται

177 867 294 934 ἶλαδάν.

28 977 133 1035 icribe:
156 968 355 1050 θάμνοισέ
373 960 488 1031 θ’ὖπδ
509 992 537 1030 ιι.
557 993 582 1032 τ.
602 975 628 1031 λ.

28 1099 45 1132 ι,
67 1076 133 1133 171.
172 1061 266 1151 εὗρον
287 1061 318 1132 δ’
336 1061 384 1131 oi'
402 1064 536 1150 Ἀχιλῆος
557 1070 608 1134 ioci
628 1066 817 1154 προπάροιθε
839 1067 942 1148 δόμοιο

176 1165 284 1235 άλλοτε
299 1171 354 1252 μέν
374 1172 550 1253 βελέεσσι
572 1172 634 1235 καὶ
655 1171 848 1258 ἐγχείῃσιν
864 1174 982 1255 ἱέντα,

174 1266 282 1335 άλλοτε
304 1267 334 1335 δ’
357 1261 433 1335 αὖθ’
456 1273 572 1337 ἵπποισι
589 1271 771 1355 πονεύμενον
790 1267 982 1339 inmodicos.
1062 1334 1075 1355 ‚

28 1371 98 1434 [icto
111 1386 158 1436 est
173 1397 192 1436 a
207 1377 443 1438 Rhodomanno.
465 1376 552 1436 Libri
567 1379 697 1439 offerunt
711 1371 805 1439 έάντα.
833 1379 976 1439 Correxit
990 1360 1151 1453 Rhodon„

28 1478 49 1534 1i
68 1477 169 1550 fallor,
193 1479 236 1538 ad
256 1478 485 1538 similitudinem
506 1480 544 1538 Il.
568 1477 604 1554 2,
627 1481 699 1540 774.

180 1578 376 1639 δίσκοισιν
392 1576 533 1660 τέριιοντο
557 1576 609 1640 ιιαέ
626 1579 850 1665 αἰγανέῃσιν
870 1578 1002 1655 ἱέντες,

28 1674 69 1753 ζοέ.
95 1697 218 1761 quoque
244 1680 335 1740 Pind.
363 1681 470 1741 Isthm.
494 1680 530 1755 1,
558 1679 608 1740 34.
636 1683 797 1763 Wyttenb.
822 1682 862 1742 ad
884 1682 1003 1743 Julian.
1025 1679 1149 1740 Schaef.

28 1799 49 1856 p.
72 1778 151 1858 161.)
181 1784 273 1861 cujus
298 1782 359 1841 loci
389 1784 451 1842 alia
477 1792 580 1844 tamen
605 1786 682 1844 ratio
707 1795 768 1858 est,
799 1806 867 1845 cum
889 1781 981 1854 λέντες
1001 1781 1150 1855 absolute,

28 1887 54 1936 nt
77 1891 200 1955 vocant,
236 1884 372 1963 positum
399 1886 453 1958 sit,
486 1886 596 1945 omisso
626 1874 711 1945 αάτά.
755 1886 832 1945 Mihi
861 1885 985 1968 quidem
1014 1884 1150 1944 nondum

28 1979 126 2059 liquet,
155 2003 196 2043 on
224 1981 307 2044 ἱέντα
329 1986 373 2045 ita
402 2007 469 2046 cum
498 1987 602 2047 dativo
628 1989 763 2048 construi
783 1988 895 2067 possit3
923 2005 1025 2065 neque
1047 1994 1150 2044 tamen

29 2081 180 2163 quidquam
198 2087 311 2146 melius
331 2089 478 2161 occurrit,
505 2090 538 2149 ni
561 2088 669 2149 credas
689 2088 843 2149 excidisse
864 2106 987 2146 versum
1007 2083 1048 2143 ad
1068 2086 1150 2144 hunc

30 2182 152 2244 modum:

179 2274 270 2369 εὗρον
292 2278 322 2348 δ’
344 2279 388 2348 oi'
408 2282 543 2368 Ἀχιλῆος
565 2287 615 2350 too
635 2279 824 2368 προπάροιθε
842 2279 959 2363 δόμοιο,

182 2380 288 2449 άλλοτε
305 2385 360 2467 μέν
444 2391 462 2429 *
549 2393 566 2431 *
653 2391 671 2430 *
758 2389 775 2427 *
863 2386 881 2424 *

181 2479 316 2549 άλλοτε
337 2479 415 2551 δ’έν
431 2480 559 2570 βελέεσσι
581 2487 633 2550 καλ
653 2487 798 2572 ἐγχείῃσιν
820 2480 936 2546 ἐόντα.

34 2573 99 2644 εἶναι
124 2584 155 2646 έν
177 2611 252 2665 τινι,
284 2601 448 2668 occupatum
470 2611 530 2652 csse
555 2599 586 2652 ιἰι
611 2598 705 2668 ολίριια
724 2610 771 2665 rc,
798 2593 910 2649 νενεονί
928 2593 957 2646 in
979 2604 1028 2657 ea,
1056 2586 1158 2645 notis·

36 2683 127 2745 simum
155 2700 215 2768 est3
246 2693 286 2752 cf.
308 2693 423 2753 Heind.
447 2692 487 2752 ad
509 2691 630 2753 Platon.
653 2690 772 2752 Phaed.
795 2712 821 2751 c.
845 2687 874 2747 5.
896 2710 926 2768 p.
952 2686 1001 2746 10.
1028 2675 1155 2765 Protagr

38 2782 268 2871 efflnffli

38 2902 62 2940 V·
83 2885 146 2948 195·
613 2882 648 2952 οὗ
668 2883 728 2971 γάρ
749 2888 825 2951 έοιιιε

226 2994 350 3071 θνητῶν
370 2987 498 3073 τεάγεα
521 2996 613 3054 ιιεῖνα.

40 3080 201 3164 Legendum
217 3096 342 3172 θνητῶν
363 3090 509 3174 τεύχεσι
530 3098 624 3155 κεῖνοι.

41 3202 64 3240 v·
82 3185 146 3251 234.
172 3189 279 3275 γενεήν
302 3216 339 3256 τε
365 3194 417 3256 καὶ
442 3217 498 3277 pro
520 3185 625 3277 γενεὴν
647 3190 892 3271 collegendum.
937 3193 1012 3253 Post
1032 3213 1062 3250 v.
1082 3187 1154 3250 299.

41 3303 106 3349 onus
131 3307 181 3357 aut
204 3300 284 3359 alter
301 3318 409 3358 versus
432 3298 586 3360 excidisse
607 3297 745 3372 ridetur3
774 3286 823 3355 cici
844 3312 874 3354 τι
893 3286 989 3353 πολλὰ
1011 3294 1092 3355 enim
1111 3293 1156 3351 sic

43 3393 111 3450 stare
127 3402 242 3479 nequit.

44 3485 139 3552 γ·338.
150 3516 216 3581 sqq.
483 3498 561 3584 φλλφ
582 3488 779 3578 δ’έγιιάτθετο
796 3488 915 3580 κόλπῳ,

230 3601 304 3663 εἴτι
323 3598 367 3661 ivi
386 3592 540 3681 μεγάροισι
560 3597 736 3679 τεταγμένον
756 3584 822 3675 ἦεν
843 3590 983 3676 άθνρμα,

234 3687 259 3784 qi
279 3700 343 3779 έναι,
363 3692 472 3774 τντδδς
496 3694 568 3777 icio,
589 3693 752 3778 μεγάλας
772 3693 883 3776 φρένας
905 3694 1065 3755 ἰαίνεσκεν·

235 3791 330 3882 άμφέ
352 3800 393 3863 δέ
411 3802 449 3864 οἱ
467 3800 518 3862 καὶ
540 3794 652 3861 άιιοντα
673 3793 859 3873 λελειμμένον
879 3792 909 3854 εἴ
924 3813 983 3855 νιον
1004 3791 1113 3867 ἴδοιτο,

235 3901 349 3985 ταρφέα
368 3901 435 3981 μέν
455 3901 603 3982 φιλέεσκε,
624 3895 676 3959 aui
698 3896 771 3958 εἴτι
787 3915 843 3974 ιιερ
863 3888 935 3954 ἄλλο
954 3894 1054 3973 γοάσα

238 4004 344 4085 ἔδρακε
363 3996 470 4078 παιδὸς
491 4002 552 4066 έοῖο
573 4004 746 4081 δαΐφρονος.

48 4082 79 4145 111
93 4091 145 4156 hoo
159 4101 225 4165 loco
247 4115 331 4166 recte
355 4105 568 4166 constituendo
590 4103 690 4164 levius
714 4106 775 4171 est,
796 4094 879 4178 quod
892 4116 923 4155 v.
940 4091 1011 4154 339.
1034 4111 1089 4171 pro
1104 4074 1160 4168 ἦεν

49 4183 193 4266 letendum
213 4206 334 4267 videtur
355 4198 454 4266 εἶδεν
471 4206 524 4266 vel
544 4190 647 4284 εὗρεν
669 4200 739 4260 coll.
755 4218 786 4257 v.
802 4195 873 4256 341.
889 4194 981 4255 ἴδοιτο
996 4202 1028 4253 et
1040 4212 1071 4251 vs
1087 4188 1162 4250 343.

79 4312 146 4367 tw-
187 4306 266 4367 'Pum
292 4327 382 4381 vero,
413 4304 563 4388 quomodo
586 4300 805 4381 Neoptolemo,
832 4298 935 4378 τοτθῷ
962 4291 1004 4354 ἔτι
1022 4286 1101 4367 ὄντι,
1130 4298 1166 4350 et'

105 4415 203 4473 ρμασιν
229 4409 397 4480 delectato,
423 4400 549 4485 μεγάλαι
570 4401 674 4484 φρένες
693 4398 827 4460 adscribi
847 4396 978 4478 possint,
1004 4410 1067 4451 non
1085 4409 1166 4450 sone*

53 4487 138 4577 13⁶⁰·
169 4506 252 4587 Lego
274 4502 417 4588 μεγάλα
438 4501 594 4585 φρένας,
612 4505 646 4563 ni
666 4504 772 4563 forsan
789 4498 941 4560 serviliter
963 4493 1096 4552 imitatus
1114 4498 1163 4549 est

54 4626 55 4681 1
101 4608 229 4682 ⁸Tkuvu,
251 4626 368 4669 croso.
392 4625 461 4667 sno.
482 4624 505 4663 r.
935 4593 954 4657 3

56 4786 68 5151 1
