2884 5184
238 468 288 515 XX
562 460 647 507 VITA
667 459 746 507 CAR.
769 456 899 506 LUDOV.
920 456 1064 504 STRUVE.

240 631 387 712 Italiam,
409 629 583 695 Graeciam
604 628 773 694 Struvium
794 627 965 707 invitavit,
986 633 1023 688 ut
1051 644 1162 687 secum
1189 618 1378 706 proficisce-

241 741 341 797 retur.
384 729 486 795 Laeto
509 740 596 795 certe
615 732 724 794 animo
746 729 831 792 hanc
852 726 1072 805 occasionem,
1095 743 1161 808 qua
1179 729 1295 805 gentes
1319 741 1378 782 ex-

242 843 330 897 teras
353 831 476 910 visere,
496 833 585 896 viros
613 832 648 894 in
670 830 776 894 literis
805 827 1062 917 spectatissimos
1090 842 1304 907 cognoscere,
1327 821 1378 882 in-

245 932 432 1016 signiaque,
451 950 533 1012 quae
554 932 590 995 in
611 931 752 997 diversis
773 929 912 994 urbibus
930 933 1114 1008 servantur,
1132 923 1302 987 literarum
1325 942 1379 984 ar·

244 1034 390 1113 tiumque
420 1040 629 1095 monumenta
660 1033 823 1117 inspicere
853 1029 918 1094 sibi
948 1028 1075 1109 liceret,
1108 1024 1280 1112 amplexus
1314 1031 1379 1087 est.

244 1132 367 1194 Verum
384 1125 468 1211 proh
489 1126 593 1193 dolor!
618 1133 755 1217 juvenis
777 1132 833 1197 ille
861 1132 1024 1214 ingenuus
1051 1135 1186 1212 repente
1213 1134 1281 1188 tam
1308 1125 1381 1188 lon-

245 1234 369 1318 ginquo
392 1235 524 1309 tamque
542 1228 725 1297 vehementi
741 1232 853 1297 morbo
870 1230 1048 1318 implicitus
1070 1235 1137 1310 est,
1151 1236 1189 1291 ut
1202 1225 1381 1290 consilium

246 1330 329 1396 illud
348 1331 384 1391 in
404 1335 533 1411 tempus
555 1326 772 1409 abjiciendum
799 1341 895 1398 esset.
941 1329 1051 1409 Quum
1074 1328 1192 1392 Struve
1220 1324 1382 1388 Altonam

248 1431 290 1493 ad
311 1433 464 1515 parentes
482 1421 651 1504 rediisset,
667 1432 733 1497 duo
755 1457 790 1498 se
812 1435 844 1498 ei
864 1431 1054 1498 obtulerunt
1072 1428 1293 1517 praeceptoris
1313 1427 1381 1513 pri·

248 1532 317 1596 vati
340 1546 484 1591 munera·
529 1521 710 1608 Utrumun
729 1546 823 1600 extra
850 1535 932 1600 fines
960 1534 1085 1621 patriae
1118 1539 1204 1613 erat3
1237 1529 1382 1592 alterum

249 1629 452 1708 mulinum>
476 1622 631 1703 alierum,
661 1638 857 1714 Propositum
882 1637 924 1701 ab
951 1632 1129 1714 avunculo,
1152 1633 1233 1695 Viro
1256 1628 1382 1693 Claris-

251 1735 333 1796 simo
356 1726 533 1811 Gaspario,
557 1721 741 1809 professore
761 1730 966 1801 hismriamm
993 1737 1030 1799 in
1054 1735 1271 1798 universitate
1293 1731 1382 1794 Dor.

250 1830 380 1918 patensi
401 1846 516 1891 recens
533 1832 604 1887 tum
622 1822 770 1903 condita,
790 1830 1027 1925 inl0nginquas
1046 1835 1121 1901 illas
1139 1835 1292 1917 regiones
1304 1853 1383 1896 eum

251 1931 394 1998 vocavit.
438 1926 536 1988 Hunc
554 1922 660 1987 locum
672 1922 791 1986 Struve
813 1924 901 2000 altari
917 1938 1082 2025 praetulit,
1105 1946 1138 2001 et
1159 1934 1275 2001 eodem
1292 1955 1383 1997 anno

254 2036 351 2112 1804,
377 2028 499 2115 patria,
520 2023 728 2110 parentibus,
751 2023 865 2085 amicis
887 2038 1008 2104 calme
1036 2041 1145 2103 animo
1173 2035 1315 2118 relictis,
1346 2036 1384 2097 in

251 2132 425 2197 Livoniam
442 2126 524 2191 mari
538 2124 678 2209 trajecit.
723 2123 776 2187 Ibi
786 2122 1017 2208 benignissime
1031 2148 1188 2225 exceptu„
1200 2144 1251 2200 est
1261 2157 1283 2198 a
1294 2156 1384 2201 novo

253 2241 405 2320 patrono,
431 2228 514 2291 Viro
540 2225 787 2289 Humanissimo
814 2223 987 2288 Meinersio
1014 2234 1047 2295 in
1071 2240 1202 2318 medi„
1227 2236 1384 2303 Foelsski.

253 2355 333 2414 ano,
366 2330 454 2416 quod
491 2327 699 2414 septuaginta
732 2326 801 2390 fere
832 2312 987 2389 milliaria
1015 2330 1146 2401 Rossiea
1177 2362 1197 2402 a
1230 2339 1384 2424 Dorpato
1438 2362 1439 2419 ι

254 2435 358 2498 abest.
402 2431 483 2494 Mox
512 2430 548 2492 in
575 2428 725 2491 notitiam
750 2428 843 2492 venit
871 2425 1009 2490 aliorum
1038 2433 1176 2501 virorum
1201 2441 1384 2520 doctorum,
1438 2422 1439 2429 ’

255 2536 312 2619 qui
334 2534 369 2594 in
391 2530 605 2594 universitate
625 2526 829 2612 Dorpatensi
851 2526 1042 2613 disciplinas
1071 2530 1315 2621 profitebantur,
1344 2548 1386 2603 ut

254 2633 416 2696 Friderici
437 2627 647 2708 Rambachii,
678 2629 884 2691 oeconomiae
913 2626 1063 2714 publicae
1091 2630 1297 2718 professoris3
1328 2642 1385 2702 cui

255 2733 371 2797 intima
392 2728 615 2792 familiaritate
637 2749 714 2791 mox
730 2730 866 2814 junctus
888 2739 948 2793 est.
994 2728 1121 2814 ltaque,
1140 2747 1237 2811 quum
1255 2739 1308 2801 vir
1329 2738 1386 2802 ille

256 2832 370 2896 doctus
392 2832 427 2893 in
449 2851 716 2893 numerosorum
740 2838 841 2912 esset,
865 2828 985 2917 quibus
1013 2827 1185 2894 adornatio
1209 2836 1242 2889 et
1263 2834 1387 2899 instau-
1439 2888 1440 2911 ,

254 2933 337 2996 ratio
358 2935 523 3018 gymnasii
541 2934 760 3019 Dorpatensis
781 2933 956 2996 commissa
981 2937 1067 3011 erat,
1091 2927 1260 2992 Struvium
1280 2932 1313 2993 in
1335 2958 1388 2998 30.

256 3035 407 3097 cietatem
428 3033 558 3099 consilii
579 3056 676 3121 saepe
703 3034 837 3100 vocavit
858 3053 997 3118 cumque
1025 3029 1206 3118 permovit,
1234 3035 1271 3089 ut
1297 3051 1390 3115 pras-

256 3135 397 3218 ceptoris
425 3136 573 3218 primarii
601 3135 734 3218 linguae
765 3133 912 3197 Graecae
940 3153 1058 3195 munus
1087 3131 1279 3216 susciperet.
1323 3129 1394 3193 Die

258 3234 350 3314 rent
374 3232 575 3317 Septembris
597 3237 678 3297 1804
700 3233 867 3297 sollemnis
890 3233 1098 3316 inauguratio
1123 3230 1288 3317 gymnasii
1314 3230 1393 3294 fuit.

255 3331 409 3414 Lenzius,
432 3329 588 3396 ecclesiae
610 3330 658 3396 St.
681 3333 843 3397 Johannis
861 3341 972 3418 pastor
987 3334 1173 3418 primarius,
1186 3330 1293 3395 lecum
1315 3354 1396 3395 con-

257 3432 415 3514 secravit,
444 3433 666 3497 Rambachius
699 3443 926 3519 praeceptores
962 3442 1166 3498 sacramento
1202 3432 1396 3515 obstrinxit,

257 3531 376 3596 Stratie
399 3532 587 3597 sollemnem
607 3534 694 3597 diem
716 3536 861 3599 oratione
878 3535 982 3600 latina
1007 3533 1196 3599 celebravit.
1240 3531 1293 3595 De
1313 3534 1396 3597 edu-

256 3632 383 3695 catione
412 3643 445 3696 et
471 3635 675 3699 institutione
705 3657 880 3721 puerorum
909 3637 997 3723 apud
1024 3644 1152 3701 veteres
1180 3634 1324 3718 locutus,
1358 3645 1398 3700 et

256 3731 316 3795 sub
340 3732 437 3798 finem
458 3733 572 3799 altiore
585 3738 742 3800 orationis
761 3744 872 3802 tenore
893 3746 1005 3821 gratos
1020 3738 1143 3801 civium
1165 3739 1291 3800 animos
1312 3759 1398 3821 erga

255 3831 604 3917 Augustissimum
643 3838 881 3926 Principem
917 3838 1217 3921 Alexandrum,
1262 3838 1395 3922 Cujus

255 3934 497 4001 munificentiae
513 3960 634 4005 novum
656 3940 717 4003 hoc
739 3942 925 4003 institutum
946 3938 1136 4021 debebatur,
1154 3940 1334 4026 professus,
1348 3939 1395 4002 ad

254 4036 377 4119 primos
400 4037 626 4122 duodeviginti
658 4040 854 4125 discipulos,
887 4062 1024 4126 quorum
1056 4042 1188 4105 nomina
1214 4042 1249 4104 in
1277 4038 1394 4104 album

255 4134 386 4198 scholae
408 4136 500 4200 illata
520 4148 631 4221 erant,
650 4150 685 4204 et
705 4141 749 4204 ad
770 4149 923 4225 parentes
945 4163 1057 4206 eorum
1080 4162 1115 4205 se
1137 4141 1298 4204 convertit
1320 4162 1393 4203 eos·
1439 4184 1440 4221 ,

255 4256 318 4316 que
339 4237 523 4318 admonuit,
553 4249 589 4302 ut
618 4240 733 4303 eodem
764 4241 897 4322 ardore,
927 4264 992 4327 quo
1024 4249 1270 4327 praeceptores,
1292 4242 1394 4305 finem
1439 4230 1440 4269 l

255 4331 319 4394 sibi
341 4340 544 4420 propositum
562 4350 846 4425 persequerentur.

339 4430 380 4494 In
407 4457 492 4501 novo
518 4437 579 4500 hoc
610 4439 786 4525 eodemque
817 4443 923 4526 primo
945 4462 1078 4504 munere
1105 4441 1238 4528 publico
1259 4442 1393 4528 Struve,
