2884 5184
527 420 715 480 QUINTUS
740 419 1005 467 surannae&

325 586 511 673 Ἀντιμάχοιο
530 586 682 674 μέλαθρα·
706 591 864 653 καταίθετο
882 583 912 652 δ’
935 583 1059 665 ἅστετος
1082 584 1177 674 ἄκρη,

327 687 490 775 Πέργαμον
508 684 588 786 ἄμφ’
612 688 734 774 ἐρατὴν,
756 694 824 774 περί
839 685 875 753 θ’
899 681 980 774 ἱερὸν
996 683 1199 772 Ἀπόλλωνος,

328 790 403 876 νηόν
420 817 451 856 τε
470 788 580 870 ζάθεον
603 795 796 876 Τριτωνίδος,
818 783 898 874 cippi
916 816 946 855 τε
963 785 1065 873 βωμὸν

322 892 472 980 Ἑρκείου·
492 889 626 975 θάλαμοι
647 894 679 958 δὲ
701 888 920 979 κατεκρήθοντ’
940 892 1081 978 ἕρατεινοὶ

326 1002 445 1064 οἰωνῶν
464 993 629 1083 Πριάμοιο·

201 1113 294 1184 atquc
316 1104 367 1163 hic
386 1105 474 1163 locus
494 1124 562 1163 cum
585 1125 638 1175 eo,
666 1101 704 1162 de
726 1122 785 1183 qno
807 1121 889 1159 nunc
910 1101 1024 1178 agitur,
1054 1102 1183 1162 collatus
1205 1104 1266 1161 vix
1287 1102 1352 1160 du-

198 1206 378 1266 bitationem
396 1204 556 1267 admittere
574 1204 712 1276 videtur,
737 1200 866 1262 eandem
887 1200 1004 1261 Hercei
1024 1222 1108 1262 aram
1129 1203 1269 1282 intelligi
1290 1204 1353 1264 de-

199 1309 284 1367 bere.
329 1306 496 1386 Aptissima
525 1328 647 1389 quoque
672 1293 823 1382 ἆκήρατος
842 1303 893 1361 hie
917 1289 1017 1380 βωμὸς
1043 1302 1169 1378 dicitur,
1199 1305 1354 1366 nondum

199 1409 315 1468 Priami
344 1410 494 1486 sanguine
529 1428 697 1490 respersus.
741 1404 846 1485 Atque
879 1404 958 1464 haec
989 1406 1056 1466 sine
1084 1406 1175 1466 dubio
1201 1408 1354 1480 fuerunt,

201 1530 281 1590 quae
298 1511 476 1570 Hermanno
498 1510 680 1583 suaderent,
700 1517 750 1582 ut,
775 1528 843 1567 cum
865 1494 987 1582 deipara
1006 1505 1044 1565 de
1057 1507 1196 1593 ¹aedibus
1211 1509 1354 1569 Paridis

200 1611 360 1689 (sejunctis
383 1612 444 1670 illis
466 1632 484 1669 a
501 1614 589 1689 regia
611 1611 699 1671 domo
721 1606 853 1681 Priami,
878 1608 931 1666 ubi
951 1608 1047 1667 ceteri
1067 1608 1123 1667 filii
1138 1610 1263 1669 Priami
1283 1631 1354 1670 una

200 1733 268 1771 cum
289 1720 376 1790 patre
394 1711 583 1771 habitabant.
606 1713 644 1772 cf.
668 1714 705 1770 Il.
727 1712 762 1785 6,
786 1705 963 1769 242-250.
986 1713 1046 1769 coll.
1068 1709 1281 1797 313-317.)‚
1303 1713 1352 1772 in·

198 1812 298 1889 telligi
320 1811 468 1885 debeant,
488 1805 586 1890 βωμὸς
596 1804 732 1893 Ἑρκείου
750 1832 825 1872 vero
849 1811 887 1871 de
902 1830 957 1869 ara
968 1808 1059 1871 Jovis
1074 1812 1192 1872 Hercei
1209 1814 1247 1872 in
1266 1816 1352 1874 atrio

200 1913 322 1973 aedium
336 1914 465 1987 Priami,
484 1914 602 1987 locum,
625 1916 670 1974 sic
686 1935 762 1975 sane
778 1922 967 1994 corruptum,
992 1913 1207 1974 emendatione
1223 1936 1352 1976 sanare

200 2025 369 2075 conaretur.
422 2016 500 2089 Sed,
539 2036 617 2096 pace
646 2017 705 2076 viri
733 2015 899 2074 doctissimi
928 2015 1072 2090 dixerim,
1107 2017 1201 2096 paulo
1233 2018 1353 2078 durior

197 2119 276 2177 haec
299 2117 470 2179 emendatio
494 2119 567 2177 mihi
586 2118 718 2179 videtur.
763 2117 843 2176 Nam
867 2117 934 2197 quis
956 2138 1091 2198 unquam
1110 2120 1153 2178 ita
1174 2119 1353 2180 locuturus

198 2221 321 2295 fnisset,
353 2221 379 2280 si
404 2219 456 2279 vel
485 2221 617 2281 maxime
640 2218 786 2300 impedito
807 2239 947 2280 sermone
968 2228 1122 2280 uteretur:
1155 2220 1248 2279 duxit
1274 2243 1353 2282 eum

199 2322 319 2382 domum
347 2343 404 2401 per
423 2323 544 2397 urbem,
572 2331 695 2404 praeter
713 2328 939 2379 monumentum
964 2321 1111 2382 Assaraci
1134 2330 1165 2381 et
1187 2322 1351 2401 Hectoris

198 2423 307 2496 aedes,
329 2433 514 2505 praeterque
532 2424 678 2504 templum
693 2422 869 2495 Minervae,
891 2421 939 2481 cui
960 2424 1133 2504 propinqua
1155 2424 1256 2503 ipsius
1275 2437 1353 2485 erat

198 2522 320 2595 domus,
350 2533 380 2583 et
401 2535 524 2604 praeter
547 2545 631 2583 aram
653 2523 676 2582 J
678 2523 744 2581 ovis
765 2523 891 2583 Hercei.
937 2521 999 2601 Qui
1017 2526 1060 2585 ita
1083 2524 1217 2605 aliquem
1240 2526 1349 2588 duce-

197 2632 260 2696 ret,
290 2624 372 2682 hunc
390 2627 456 2703 jam
474 2627 672 2706 praeteriisse
693 2645 779 2684 suam
797 2625 893 2705 ipsius
917 2625 1037 2686 domum
1058 2635 1089 2685 et
1110 2626 1239 2687 ulterius
1266 2651 1348 2709 pro-

112 2734 115 2741 '
197 2745 335 2804 gressum
358 2746 441 2799 esse,
469 2748 573 2787 omnes
596 2727 767 2787 crederent.
812 2726 936 2788 Lubens
959 2727 1077 2806 etipse
1099 2736 1224 2808 propter
1248 2729 1350 2792 locos

198 2820 237 2887 ex
265 2828 331 2908 ipso
360 2838 462 2888 nostro
492 2831 602 2889 allatos
632 2839 662 2889 et
691 2838 816 2909 propter
840 2828 994 2906 adjectum
1020 2817 1168 2907 ἆκήρατος
1193 2849 1286 2889 aram
1308 2834 1349 2893 in

196 2931 273 2989 atrio
290 2931 405 2990 Priami
427 2933 646 3011 intelligerem
671 2929 727 2991 sed
749 2951 817 2990 cum
837 2930 896 2989 hoc
919 2931 951 2987 in
972 2930 1105 2989 lectione
1121 2939 1250 3009 recepta
1269 2933 1349 2994 fieri

195 3041 345 3113 nequeat,
375 3034 547 3095 emendatio
576 3054 650 3093 vero
678 3033 740 3092 loci
758 3031 839 3091 male
862 3031 1059 3103 successerit,
1090 3032 1234 3110 optimum
1260 3036 1347 3095 mihi

195 3134 331 3206 videtur,
356 3136 433 3193 nihil
456 3135 487 3191 in
505 3143 631 3212 recepta
649 3135 800 3212 scriptura
818 3141 952 3207 mutare,
975 3142 1005 3193 et
1026 3142 1187 3214 utrumque
1209 3126 1347 3211 δώματα

195 3229 247 3293 καὶ
268 3224 366 3311 βωμὸς
382 3224 516 3311 Ἑρκείου
539 3234 577 3292 de
597 3234 725 3294 aedibus
739 3235 859 3294 Paridis
874 3235 1062 3314 intelligere,
1085 3244 1117 3294 ut
1133 3234 1237 3294 Latini
1256 3258 1342 3317 quo-

196 3356 256 3416 que
282 3335 407 3401 domum,
430 3341 460 3391 et
488 3343 616 3411 penates
643 3338 830 3414 conjungere
853 3348 1086 3398 consueverunt.
1130 3336 1227 3397 Aram
1249 3341 1344 3399 enim

194 3436 285 3496 Jovis
308 3437 423 3495 Hercei
454 3436 513 3492 nisi
539 3437 571 3493 in
594 3437 732 3497 omnibus
754 3440 910 3498 tamenin
933 3441 1026 3517 longe
1048 3440 1186 3520 plurimis
1211 3441 1340 3519 prisco-

193 3558 260 3597 rum
285 3539 412 3597 heroum
442 3536 569 3598 aedibus
598 3540 712 3613 luisse,
750 3560 790 3599 ex
816 3538 953 3620 pluribus
981 3542 1058 3600 locis
1088 3538 1257 3619 colligitur,
1295 3564 1342 3602 ex

193 3638 303 3720 quibus
337 3640 412 3700 duos
444 3661 524 3699 nuno
554 3641 693 3700 attulisse
726 3641 876 3701 sufficiat:
920 3642 1048 3702 alterum
1079 3643 1197 3701 Homeri
1229 3644 1342 3735 odyss.

193 3737 234 3797 22
274 3739 345 3800 335.

243 3785 251 3815 l
445 3823 512 3903 δίχα
531 3821 563 3886 δὲ
581 3823 667 3907 φρεσὶ
688 3818 862 3906 μερμήριζεν
884 3824 1054 3904 (Phemius)

319 3915 339 4003 ἢ
360 3923 446 3998 tator
467 3920 623 4007 μεγάροιο,
645 3921 717 3998 Διὸς
734 3917 863 4006 μεγάλου
884 3923 951 3987 ττοτί
972 3915 1075 4004 βωμὸν

320 4025 433 4107 ἑρκείου
452 4027 540 4100 ἵζοιτο
562 4020 755 4108 τετυγμένον,
777 4017 844 4087 ἔνθ’
868 4020 927 4105 ἄρα
942 4017 1038 4086 rrotld

319 4120 453 4210 Λαέρτης
466 4119 605 4202 Ὀδυσεύς
626 4151 656 4189 τε
674 4131 755 4209 βοῶν
776 4125 823 4188 ἐπὶ
840 4117 923 4207 μηρί’
949 4125 1063 4204 ἔκαιον,
1087 4150 1114 4188 κ.
1139 4151 1162 4188 τ.
1187 4132 1212 4188 l.

191 4227 320 4286 alterum
344 4232 435 4302 Festi,
462 4252 553 4312 quem
580 4233 654 4291 citat
679 4235 825 4308 Scioppius
850 4236 879 4289 io
898 4233 1042 4306 paradox.
1070 4235 1140 4291 liter.
1165 4236 1244 4306 epist,
1284 4235 1334 4303 V„

189 4328 318 4385 Heraeus
339 4332 449 4405 Jupiter
467 4337 542 4390 intra
565 4339 723 4408 conseptum
746 4336 842 4391 domus
864 4336 1000 4407 cujusque
1021 4326 1175 4403 coutetur,
1198 4351 1283 4408 quem
1308 4344 1340 4392 et

190 4434 270 4491 deum
295 4435 466 4507 penetralem
487 4434 672 4509 appellabant
717 4435 760 4492 Et
787 4434 869 4513 quod
887 4421 1034 4512 ἀκήρατος
1055 4432 1133 4491 haec
1155 4451 1209 4490 ara
1232 4430 1334 4493 Jovis
