<?xml version="1.0" encoding="UTF-8"?>
<!DOCTYPE html PUBLIC "-//W3C//DTD XHTML 1.0 Transitional//EN"
    "http://www.w3.org/TR/xhtml1/DTD/xhtml1-transitional.dtd">
<html xmlns="http://www.w3.org/1999/xhtml" xml:lang="en" lang="en">
 <head>
  <title>
</title>
<meta http-equiv="Content-Type" content="text/html;charset=utf-8" />
  <meta name='ocr-system' content='tesseract 3.04.00' />
  <meta name='ocr-capabilities' content='ocr_page ocr_carea ocr_par ocr_line ocrx_word'/>
</head>
<body>
  <div class='ocr_page' id='page_1' title='image "./caroliludovicis01strugoog_0166.png"; bbox 0 0 2884 5184; ppageno 0'>
   <div class='ocr_carea' id='block_1_1' title="bbox 275 460 1072 519">
    <p class='ocr_par' dir='ltr' id='par_1_1' title="bbox 275 460 1072 519">
     <span class='ocr_line' id='line_1_1' title="bbox 275 460 1072 519; baseline -0.006 0"><span class='ocrx_word' id='word_1_1' title='bbox 275 460 335 519; x_wconf 83' lang='lat'>100</span> <span class='ocrx_word' id='word_1_2' title='bbox 618 466 814 514; x_wconf 75' lang='lat' dir='ltr'>onacuns</span> <span class='ocrx_word' id='word_1_3' title='bbox 835 466 1072 514; x_wconf 78' lang='lat' dir='ltr'>srarnnrns</span> 
     </span>
    </p>
   </div>
   <div class='ocr_carea' id='block_1_2' title="bbox 257 631 1383 4548">
    <p class='ocr_par' dir='ltr' id='par_1_2' title="bbox 394 631 1299 826">
     <span class='ocr_line' id='line_1_2' title="bbox 437 631 1221 720; baseline 0.003 -22"><span class='ocrx_word' id='word_1_4' title='bbox 437 639 569 716; x_wconf 78' lang='grc' dir='ltr'>μοιχείαν</span> <span class='ocrx_word' id='word_1_5' title='bbox 589 631 740 715; x_wconf 74' lang='grc' dir='ltr'><strong><em>πεφύλαξο</em></strong></span> <span class='ocrx_word' id='word_1_6' title='bbox 761 637 813 698; x_wconf 78' lang='grc' dir='ltr'>καί</span> <span class='ocrx_word' id='word_1_7' title='bbox 833 632 954 720; x_wconf 74' lang='grc' dir='ltr'><strong><em>ἄκριτον</em></strong></span> <span class='ocrx_word' id='word_1_8' title='bbox 973 633 1096 718; x_wconf 74' lang='grc' dir='ltr'><strong><em>ἄρσενος</em></strong></span> <span class='ocrx_word' id='word_1_9' title='bbox 1117 634 1221 720; x_wconf 73' lang='grc' dir='ltr'><strong><em>εὐνήν·</em></strong></span> 
     </span>
     <span class='ocr_line' id='line_1_3' title="bbox 394 720 1299 826; baseline 0.003 -27"><span class='ocrx_word' id='word_1_10' title='bbox 394 720 400 729; x_wconf 39' lang='lat'><strong>⁴</strong></span> <span class='ocrx_word' id='word_1_11' title='bbox 435 733 491 817; x_wconf 76' lang='grc' dir='ltr'>τὴν</span> <span class='ocrx_word' id='word_1_12' title='bbox 511 731 542 797; x_wconf 88' lang='grc' dir='ltr'>δ’</span> <span class='ocrx_word' id='word_1_13' title='bbox 567 737 648 798; x_wconf 87' lang='grc' dir='ltr'><strong><em>ίδίαν</em></strong></span> <span class='ocrx_word' id='word_1_14' title='bbox 667 736 777 816; x_wconf 76' lang='grc' dir='ltr'><strong><em>γένναν</em></strong></span> <span class='ocrx_word' id='word_1_15' title='bbox 797 740 913 799; x_wconf 79' lang='grc' dir='ltr'><strong><em>παίδων</em></strong></span> <span class='ocrx_word' id='word_1_16' title='bbox 933 740 1036 819; x_wconf 77' lang='grc' dir='ltr'><strong><em>τρέφε,</em></strong></span> <span class='ocrx_word' id='word_1_17' title='bbox 1059 741 1133 820; x_wconf 70' lang='grc' dir='ltr'><strong><em>μηδὲ</em></strong></span> <span class='ocrx_word' id='word_1_18' title='bbox 1154 736 1299 826; x_wconf 74' lang='grc' dir='ltr'><strong><em>φονεύσῃς.</em></strong></span> 
     </span>
    </p>

    <p class='ocr_par' dir='ltr' id='par_1_3' title="bbox 272 830 1379 1534">
     <span class='ocr_line' id='line_1_4' title="bbox 439 830 1274 927; baseline 0.005 -27"><span class='ocrx_word' id='word_1_19' title='bbox 439 842 535 900; x_wconf 84' lang='grc' dir='ltr'><strong><em>τοῖσδε</em></strong></span> <span class='ocrx_word' id='word_1_20' title='bbox 552 835 611 919; x_wconf 74' lang='grc' dir='ltr'>γὰρ</span> <span class='ocrx_word' id='word_1_21' title='bbox 631 830 784 911; x_wconf 79' lang='grc' dir='ltr'><strong><em>ύθύνατος</em></strong></span> <span class='ocrx_word' id='word_1_22' title='bbox 807 833 1013 917; x_wconf 71' lang='grc' dir='ltr'><strong><em>κεχολώσεται,</em></strong></span> <span class='ocrx_word' id='word_1_23' title='bbox 1030 836 1063 915; x_wconf 76' lang='grc' dir='ltr'>ὅς</span> <span class='ocrx_word' id='word_1_24' title='bbox 1084 865 1135 903; x_wconf 85' lang='grc' dir='ltr'><strong><em>κεν</em></strong></span> <span class='ocrx_word' id='word_1_25' title='bbox 1155 835 1274 927; x_wconf 78' lang='grc' dir='ltr'><strong><em>ἆμύρτγ.</em></strong></span> 
     </span>
     <span class='ocr_line' id='line_1_5' title="bbox 272 943 1378 1023; baseline 0.001 -21"><span class='ocrx_word' id='word_1_26' title='bbox 272 945 308 1002; x_wconf 91' lang='lat' dir='ltr'>In</span> <span class='ocrx_word' id='word_1_27' title='bbox 326 947 374 1005; x_wconf 85' lang='lat' dir='ltr'>his</span> <span class='ocrx_word' id='word_1_28' title='bbox 396 945 526 1022; x_wconf 90' lang='lat' dir='ltr'>plurima</span> <span class='ocrx_word' id='word_1_29' title='bbox 548 943 672 1023; x_wconf 90' lang='lat' dir='ltr'>quidem</span> <span class='ocrx_word' id='word_1_30' title='bbox 694 943 786 1014; x_wconf 86' lang='lat' dir='ltr'>vitia,</span> <span class='ocrx_word' id='word_1_31' title='bbox 812 962 892 1021; x_wconf 91' lang='lat' dir='ltr'>quae</span> <span class='ocrx_word' id='word_1_32' title='bbox 915 944 998 1022; x_wconf 90' lang='lat' dir='ltr'>apud</span> <span class='ocrx_word' id='word_1_33' title='bbox 1017 947 1211 1004; x_wconf 87' lang='lat' dir='ltr'>Lactantium</span> <span class='ocrx_word' id='word_1_34' title='bbox 1230 946 1378 1005; x_wconf 85' lang='lat' dir='ltr'>observavi·</span> 
     </span>
     <span class='ocr_line' id='line_1_6' title="bbox 272 1043 1379 1127; baseline -0.002 -20"><span class='ocrx_word' id='word_1_35' title='bbox 272 1069 355 1121; x_wconf 86' lang='lat' dir='ltr'>mus,</span> <span class='ocrx_word' id='word_1_36' title='bbox 374 1048 494 1106; x_wconf 89' lang='lat' dir='ltr'>sublata</span> <span class='ocrx_word' id='word_1_37' title='bbox 514 1055 599 1118; x_wconf 88' lang='lat' dir='ltr'>sunt,</span> <span class='ocrx_word' id='word_1_38' title='bbox 621 1046 676 1105; x_wconf 88' lang='lat' dir='ltr'>sed</span> <span class='ocrx_word' id='word_1_39' title='bbox 698 1043 783 1102; x_wconf 90' lang='lat' dir='ltr'>aliud</span> <span class='ocrx_word' id='word_1_40' title='bbox 804 1052 967 1121; x_wconf 90' lang='lat' dir='ltr'>praeterea</span> <span class='ocrx_word' id='word_1_41' title='bbox 984 1047 1073 1105; x_wconf 90' lang='lat' dir='ltr'>nobis</span> <span class='ocrx_word' id='word_1_42' title='bbox 1097 1068 1129 1105; x_wconf 90' lang='lat' dir='ltr'>se</span> <span class='ocrx_word' id='word_1_43' title='bbox 1152 1047 1246 1119; x_wconf 86' lang='lat' dir='ltr'>offert,</span> <span class='ocrx_word' id='word_1_44' title='bbox 1268 1047 1304 1105; x_wconf 86' lang='lat' dir='ltr'>ad</span> <span class='ocrx_word' id='word_1_45' title='bbox 1317 1048 1379 1127; x_wconf 89' lang='lat' dir='ltr'>quod</span> 
     </span>
     <span class='ocr_line' id='line_1_7' title="bbox 272 1141 1379 1226; baseline -0.002 -18"><span class='ocrx_word' id='word_1_46' title='bbox 272 1171 333 1208; x_wconf 89' lang='lat' dir='ltr'>non</span> <span class='ocrx_word' id='word_1_47' title='bbox 360 1148 553 1208; x_wconf 81' lang='lat' dir='ltr'><strong>mediocriter</strong></span> <span class='ocrx_word' id='word_1_48' title='bbox 582 1146 771 1205; x_wconf 86' lang='lat' dir='ltr'>offendimus.</span> <span class='ocrx_word' id='word_1_49' title='bbox 822 1142 885 1219; x_wconf 76' lang='lat' dir='ltr'>Qui</span> <span class='ocrx_word' id='word_1_50' title='bbox 915 1146 994 1203; x_wconf 90' lang='lat' dir='ltr'>enim</span> <span class='ocrx_word' id='word_1_51' title='bbox 1024 1149 1208 1205; x_wconf 87' lang='lat' dir='ltr'>conveniunt</span> <span class='ocrx_word' id='word_1_52' title='bbox 1234 1141 1341 1226; x_wconf 76' lang='grc' dir='ltr'><em>φεύγετε</em></span> <span class='ocrx_word' id='word_1_53' title='bbox 1359 1160 1379 1206; x_wconf 89' lang='lat' dir='ltr'>et</span> 
     </span>
     <span class='ocr_line' id='line_1_8' title="bbox 273 1240 1379 1328; baseline -0.005 -19"><span class='ocrx_word' id='word_1_54' title='bbox 273 1243 407 1328; x_wconf 78' lang='grc' dir='ltr'><strong><em>λύτρεαε,</em></strong></span> <span class='ocrx_word' id='word_1_55' title='bbox 436 1240 586 1323; x_wconf 78' lang='grc' dir='ltr'><strong><em>πεφύλαξο</em></strong></span> <span class='ocrx_word' id='word_1_56' title='bbox 619 1255 650 1304; x_wconf 89' lang='lat' dir='ltr'>et</span> <span class='ocrx_word' id='word_1_57' title='bbox 679 1246 814 1326; x_wconf 90' lang='lat' dir='ltr'>reliqua,</span> <span class='ocrx_word' id='word_1_58' title='bbox 848 1252 927 1324; x_wconf 86' lang='lat' dir='ltr'>quae</span> <span class='ocrx_word' id='word_1_59' title='bbox 961 1247 1106 1322; x_wconf 82' lang='lat' dir='ltr'>singulari</span> <span class='ocrx_word' id='word_1_60' title='bbox 1133 1268 1258 1306; x_wconf 91' lang='lat' dir='ltr'>numero</span> <span class='ocrx_word' id='word_1_61' title='bbox 1286 1250 1379 1326; x_wconf 81' lang='lat' dir='ltr'>prolata</span> 
     </span>
     <span class='ocr_line' id='line_1_9' title="bbox 274 1346 1379 1429; baseline -0.003 -18"><span class='ocrx_word' id='word_1_62' title='bbox 274 1351 365 1412; x_wconf 81' lang='lat' dir='ltr'>sunt?</span> <span class='ocrx_word' id='word_1_63' title='bbox 406 1351 510 1429; x_wconf 84' lang='lat' dir='ltr'><strong>Atque</strong></span> <span class='ocrx_word' id='word_1_64' title='bbox 535 1350 605 1407; x_wconf 87' lang='lat' dir='ltr'>hinc</span> <span class='ocrx_word' id='word_1_65' title='bbox 633 1348 827 1423; x_wconf 83' lang='lat' dir='ltr'>intelligitur,</span> <span class='ocrx_word' id='word_1_66' title='bbox 853 1346 935 1404; x_wconf 91' lang='lat' dir='ltr'>unde</span> <span class='ocrx_word' id='word_1_67' title='bbox 967 1348 997 1403; x_wconf 92' lang='lat' dir='ltr'>in</span> <span class='ocrx_word' id='word_1_68' title='bbox 1029 1346 1247 1424; x_wconf 85' lang='lat' dir='ltr'>Sibyllinorum</span> <span class='ocrx_word' id='word_1_69' title='bbox 1274 1350 1379 1408; x_wconf 85' lang='lat' dir='ltr'>editione</span> 
     </span>
     <span class='ocr_line' id='line_1_10' title="bbox 273 1446 1038 1534; baseline -0.013 -20"><span class='ocrx_word' id='word_1_70' title='bbox 273 1456 411 1534; x_wconf 85' lang='lat' dir='ltr'>principe</span> <span class='ocrx_word' id='word_1_71' title='bbox 432 1470 538 1509; x_wconf 85' lang='lat' dir='ltr'>versus</span> <span class='ocrx_word' id='word_1_72' title='bbox 560 1449 610 1507; x_wconf 90' lang='lat' dir='ltr'>hic</span> <span class='ocrx_word' id='word_1_73' title='bbox 632 1450 675 1506; x_wconf 90' lang='lat' dir='ltr'>ita</span> <span class='ocrx_word' id='word_1_74' title='bbox 696 1447 881 1525; x_wconf 84' lang='lat' dir='ltr'>depravatus</span> <span class='ocrx_word' id='word_1_75' title='bbox 904 1446 1038 1523; x_wconf 90' lang='lat' dir='ltr'>legatur:</span> 
     </span>
    </p>

    <p class='ocr_par' dir='ltr' id='par_1_4' title="bbox 272 1537 1381 2233">
     <span class='ocr_line' id='line_1_11' title="bbox 437 1537 1200 1629; baseline -0.004 -19"><span class='ocrx_word' id='word_1_76' title='bbox 437 1546 557 1629; x_wconf 78' lang='grc' dir='ltr'><strong><em>φεύγετε</em></strong></span> <span class='ocrx_word' id='word_1_77' title='bbox 578 1547 710 1628; x_wconf 83' lang='grc' dir='ltr'><strong><em>λατρείας</em></strong></span> <span class='ocrx_word' id='word_1_78' title='bbox 731 1537 854 1621; x_wconf 83' lang='grc' dir='ltr'><strong><em>ύδίκοο,</em></strong></span> <span class='ocrx_word' id='word_1_79' title='bbox 872 1548 914 1628; x_wconf 76' lang='grc' dir='ltr'>τῷ</span> <span class='ocrx_word' id='word_1_80' title='bbox 933 1548 1018 1617; x_wconf 79' lang='grc' dir='ltr'><strong><em>ζῶντι</em></strong></span> <span class='ocrx_word' id='word_1_81' title='bbox 1039 1541 1200 1626; x_wconf 82' lang='grc' dir='ltr'><strong><em>λατρεύετε,</em></strong></span> 
     </span>
     <span class='ocr_line' id='line_1_12' title="bbox 274 1649 1379 1734; baseline -0.006 -20"><span class='ocrx_word' id='word_1_82' title='bbox 274 1653 355 1734; x_wconf 91' lang='lat' dir='ltr'>quod</span> <span class='ocrx_word' id='word_1_83' title='bbox 376 1653 428 1733; x_wconf 91' lang='lat' dir='ltr'>qui</span> <span class='ocrx_word' id='word_1_84' title='bbox 446 1654 559 1730; x_wconf 88' lang='lat' dir='ltr'>primus</span> <span class='ocrx_word' id='word_1_85' title='bbox 581 1652 714 1720; x_wconf 82' lang='lat' dir='ltr'>invexit,</span> <span class='ocrx_word' id='word_1_86' title='bbox 737 1649 763 1705; x_wconf 91' lang='lat' dir='ltr'>is</span> <span class='ocrx_word' id='word_1_87' title='bbox 785 1649 888 1706; x_wconf 89' lang='lat' dir='ltr'>sensui</span> <span class='ocrx_word' id='word_1_88' title='bbox 910 1667 1000 1727; x_wconf 89' lang='lat' dir='ltr'>quam</span> <span class='ocrx_word' id='word_1_89' title='bbox 1018 1658 1113 1707; x_wconf 89' lang='lat' dir='ltr'>metro</span> <span class='ocrx_word' id='word_1_90' title='bbox 1144 1653 1242 1727; x_wconf 86' lang='lat' dir='ltr'>magis</span> <span class='ocrx_word' id='word_1_91' title='bbox 1271 1653 1379 1711; x_wconf 85' lang='lat' dir='ltr'>timebat.</span> 
     </span>
     <span class='ocr_line' id='line_1_13' title="bbox 272 1740 1381 1830; baseline -0.004 -18"><span class='ocrx_word' id='word_1_92' title='bbox 272 1754 359 1812; x_wconf 87' lang='lat' dir='ltr'>Nihil</span> <span class='ocrx_word' id='word_1_93' title='bbox 380 1753 460 1811; x_wconf 89' lang='lat' dir='ltr'>enim</span> <span class='ocrx_word' id='word_1_94' title='bbox 483 1751 617 1830; x_wconf 82' lang='lat' dir='ltr'>apertius</span> <span class='ocrx_word' id='word_1_95' title='bbox 635 1759 702 1821; x_wconf 85' lang='lat' dir='ltr'>est,</span> <span class='ocrx_word' id='word_1_96' title='bbox 726 1768 816 1829; x_wconf 86' lang='lat' dir='ltr'>quam</span> <span class='ocrx_word' id='word_1_97' title='bbox 838 1770 893 1828; x_wconf 93' lang='lat' dir='ltr'>pro</span> <span class='ocrx_word' id='word_1_98' title='bbox 921 1740 1042 1826; x_wconf 75' lang='grc' dir='ltr'><strong><em>φεύγετε</em></strong></span> <span class='ocrx_word' id='word_1_99' title='bbox 1067 1749 1233 1825; x_wconf 89' lang='lat' dir='ltr'>legendum</span> <span class='ocrx_word' id='word_1_100' title='bbox 1261 1773 1323 1811; x_wconf 90' lang='lat' dir='ltr'>esse</span> <span class='ocrx_word' id='word_1_101' title='bbox 1345 1764 1381 1810; x_wconf 86' lang='lat' dir='ltr'>ant</span> 
     </span>
     <span class='ocr_line' id='line_1_14' title="bbox 272 1846 1380 1932; baseline 0.001 -23"><span class='ocrx_word' id='word_1_102' title='bbox 272 1848 364 1930; x_wconf 76' lang='grc' dir='ltr'><strong><em>φεῦγέ</em></strong></span> <span class='ocrx_word' id='word_1_103' title='bbox 384 1871 413 1909; x_wconf 88' lang='grc' dir='ltr'><strong><em>τε</em></strong></span> <span class='ocrx_word' id='word_1_104' title='bbox 434 1860 487 1909; x_wconf 91' lang='lat' dir='ltr'>aut</span> <span class='ocrx_word' id='word_1_105' title='bbox 509 1846 576 1908; x_wconf 89' lang='lat' dir='ltr'>cum</span> <span class='ocrx_word' id='word_1_106' title='bbox 598 1850 760 1908; x_wconf 82' lang='lat' dir='ltr'>Lactantio</span> <span class='ocrx_word' id='word_1_107' title='bbox 783 1850 873 1928; x_wconf 83' lang='grc' dir='ltr'><strong><em>φεῦγε</em></strong></span> <span class='ocrx_word' id='word_1_108' title='bbox 900 1846 940 1908; x_wconf 77' lang='grc' dir='ltr'>δέ.</span> <span class='ocrx_word' id='word_1_109' title='bbox 984 1849 1095 1929; x_wconf 89' lang='lat' dir='ltr'>Neque</span> <span class='ocrx_word' id='word_1_110' title='bbox 1119 1859 1223 1909; x_wconf 89' lang='lat' dir='ltr'>tamen</span> <span class='ocrx_word' id='word_1_111' title='bbox 1246 1863 1380 1932; x_wconf 83' lang='lat' dir='ltr'>propterea</span> 
     </span>
     <span class='ocr_line' id='line_1_15' title="bbox 272 1939 1380 2028; baseline -0.001 -16"><span class='ocrx_word' id='word_1_112' title='bbox 272 1956 304 2012; x_wconf 90' lang='lat' dir='ltr'>in</span> <span class='ocrx_word' id='word_1_113' title='bbox 331 1962 435 2011; x_wconf 89' lang='lat' dir='ltr'>nostra</span> <span class='ocrx_word' id='word_1_114' title='bbox 464 1949 684 2027; x_wconf 79' lang='lat' dir='ltr'>Sibyllinorum</span> <span class='ocrx_word' id='word_1_115' title='bbox 712 1948 833 2027; x_wconf 84' lang='lat' dir='ltr'>sylloge</span> <span class='ocrx_word' id='word_1_116' title='bbox 863 1939 983 2028; x_wconf 90' lang='grc' dir='ltr'><strong><em>φεύγετε</em></strong></span> <span class='ocrx_word' id='word_1_117' title='bbox 1009 1950 1228 2010; x_wconf 86' lang='lat' dir='ltr'>immutandum</span> <span class='ocrx_word' id='word_1_118' title='bbox 1258 1964 1314 2027; x_wconf 64' lang='grc' dir='ltr'><strong><em>θείς</em></strong></span> <span class='ocrx_word' id='word_1_119' title='bbox 1339 1955 1380 2011; x_wconf 87' lang='lat' dir='ltr'>hoc</span> 
     </span>
     <span class='ocr_line' id='line_1_16' title="bbox 273 2050 1381 2131; baseline -0.004 -18"><span class='ocrx_word' id='word_1_120' title='bbox 273 2054 352 2113; x_wconf 88' lang='lat' dir='ltr'>enirn</span> <span class='ocrx_word' id='word_1_121' title='bbox 372 2062 457 2112; x_wconf 88' lang='lat' dir='ltr'>vetat</span> <span class='ocrx_word' id='word_1_122' title='bbox 475 2071 597 2123; x_wconf 88' lang='lat' dir='ltr'>versus,</span> <span class='ocrx_word' id='word_1_123' title='bbox 621 2051 673 2131; x_wconf 92' lang='lat' dir='ltr'>qui</span> <span class='ocrx_word' id='word_1_124' title='bbox 694 2050 869 2129; x_wconf 86' lang='lat' dir='ltr'>praecedit,</span> <span class='ocrx_word' id='word_1_125' title='bbox 889 2053 1018 2131; x_wconf 90' lang='lat' dir='ltr'>quique,</span> <span class='ocrx_word' id='word_1_126' title='bbox 1042 2052 1180 2130; x_wconf 88' lang='lat' dir='ltr'>quamvis</span> <span class='ocrx_word' id='word_1_127' title='bbox 1203 2072 1321 2131; x_wconf 90' lang='lat' dir='ltr'>prorsus</span> <span class='ocrx_word' id='word_1_128' title='bbox 1338 2075 1381 2111; x_wconf 88' lang='lat' dir='ltr'>non</span> 
     </span>
     <span class='ocr_line' id='line_1_17' title="bbox 272 2143 1166 2233; baseline -0.007 -19"><span class='ocrx_word' id='word_1_129' title='bbox 272 2153 393 2214; x_wconf 79' lang='lat' dir='ltr'>Graece</span> <span class='ocrx_word' id='word_1_130' title='bbox 416 2156 559 2233; x_wconf 89' lang='lat' dir='ltr'>scriptus,</span> <span class='ocrx_word' id='word_1_131' title='bbox 578 2152 728 2231; x_wconf 88' lang='lat' dir='ltr'>pluralem</span> <span class='ocrx_word' id='word_1_132' title='bbox 751 2143 871 2231; x_wconf 86' lang='grc' dir='ltr'><strong><em>φεύγετε</em></strong></span> <span class='ocrx_word' id='word_1_133' title='bbox 892 2161 994 2211; x_wconf 87' lang='lat' dir='ltr'>tamen</span> <span class='ocrx_word' id='word_1_134' title='bbox 1016 2151 1166 2230; x_wconf 85' lang='lat' dir='ltr'>postulat:</span> 
     </span>
    </p>

    <p class='ocr_par' dir='ltr' id='par_1_5' title="bbox 356 2242 1142 2434">
     <span class='ocr_line' id='line_1_18' title="bbox 356 2242 1142 2332; baseline -0.001 -19"><span class='ocrx_word' id='word_1_135' title='bbox 356 2243 432 2313; x_wconf 77' lang='lat' dir='ltr'>illi</span> <span class='ocrx_word' id='word_1_136' title='bbox 452 2249 703 2323; x_wconf 84' lang='grc' dir='ltr'><strong><em>πατασπεύσαντες</em></strong></span> <span class='ocrx_word' id='word_1_137' title='bbox 724 2242 794 2327; x_wconf 68' lang='lat' dir='ltr'>lucie</span> <span class='ocrx_word' id='word_1_138' title='bbox 816 2249 936 2332; x_wconf 76' lang='grc' dir='ltr'>φρέναςΙ</span> <span class='ocrx_word' id='word_1_139' title='bbox 949 2250 981 2312; x_wconf 78' lang='grc' dir='ltr'>ἐν</span> <span class='ocrx_word' id='word_1_140' title='bbox 1002 2247 1142 2330; x_wconf 74' lang='grc' dir='ltr'><strong><em>στήθεσσι</em></strong></span> 
     </span>
     <span class='ocr_line' id='line_1_19' title="bbox 357 2348 555 2434; baseline -0.005 -20"><span class='ocrx_word' id='word_1_141' title='bbox 357 2348 477 2434; x_wconf 83' lang='grc' dir='ltr'><strong><em>φεύγετε</em></strong></span> <span class='ocrx_word' id='word_1_142' title='bbox 498 2366 555 2416; x_wconf 90' lang='lat' dir='ltr'>etc.</span> 
     </span>
    </p>

    <p class='ocr_par' dir='ltr' id='par_1_6' title="bbox 257 2453 1383 4548">
     <span class='ocr_line' id='line_1_20' title="bbox 270 2453 1383 2537; baseline -0.004 -22"><span class='ocrx_word' id='word_1_143' title='bbox 270 2458 313 2515; x_wconf 84' lang='lat' dir='ltr'>At</span> <span class='ocrx_word' id='word_1_144' title='bbox 346 2478 406 2537; x_wconf 93' lang='lat' dir='ltr'>qua</span> <span class='ocrx_word' id='word_1_145' title='bbox 441 2458 575 2528; x_wconf 90' lang='lat' dir='ltr'>ratione,</span> <span class='ocrx_word' id='word_1_146' title='bbox 608 2464 737 2536; x_wconf 90' lang='lat' dir='ltr'>quaerat</span> <span class='ocrx_word' id='word_1_147' title='bbox 768 2455 819 2513; x_wconf 92' lang='lat' dir='ltr'>hic</span> <span class='ocrx_word' id='word_1_148' title='bbox 845 2453 971 2533; x_wconf 87' lang='lat' dir='ltr'>aliquis,</span> <span class='ocrx_word' id='word_1_149' title='bbox 999 2474 1104 2513; x_wconf 87' lang='lat' dir='ltr'>veram</span> <span class='ocrx_word' id='word_1_150' title='bbox 1136 2454 1299 2515; x_wconf 90' lang='lat' dir='ltr'>lectionem</span> <span class='ocrx_word' id='word_1_151' title='bbox 1325 2455 1383 2513; x_wconf 86' lang='lat' dir='ltr'>dicis</span> 
     </span>
     <span class='ocr_line' id='line_1_21' title="bbox 270 2549 1382 2634; baseline -0.003 -19"><span class='ocrx_word' id='word_1_152' title='bbox 270 2553 363 2634; x_wconf 83' lang='grc' dir='ltr'><strong><em>φεῦγέ</em></strong></span> <span class='ocrx_word' id='word_1_153' title='bbox 382 2576 428 2630; x_wconf 85' lang='grc' dir='ltr'><strong><em>τε,</em></strong></span> <span class='ocrx_word' id='word_1_154' title='bbox 450 2565 481 2616; x_wconf 89' lang='lat' dir='ltr'>et</span> <span class='ocrx_word' id='word_1_155' title='bbox 501 2567 604 2615; x_wconf 89' lang='lat' dir='ltr'>tamen</span> <span class='ocrx_word' id='word_1_156' title='bbox 626 2549 747 2633; x_wconf 83' lang='grc' dir='ltr'><strong><em>φεύγετε</em></strong></span> <span class='ocrx_word' id='word_1_157' title='bbox 766 2575 828 2612; x_wconf 93' lang='lat' dir='ltr'>non</span> <span class='ocrx_word' id='word_1_158' title='bbox 849 2553 1066 2613; x_wconf 88' lang='lat' dir='ltr'>immutandum</span> <span class='ocrx_word' id='word_1_159' title='bbox 1087 2557 1296 2634; x_wconf 80' lang='lat' dir='ltr'>pronuncias?</span> <span class='ocrx_word' id='word_1_160' title='bbox 1319 2557 1382 2614; x_wconf 83' lang='lat' dir='ltr'>Huic</span> 
     </span>
     <span class='ocr_line' id='line_1_22' title="bbox 270 2653 1381 2736; baseline -0.002 -21"><span class='ocrx_word' id='word_1_161' title='bbox 270 2657 313 2715; x_wconf 92' lang='lat' dir='ltr'>ita</span> <span class='ocrx_word' id='word_1_162' title='bbox 339 2655 588 2736; x_wconf 89' lang='lat' dir='ltr'>respondebitur:</span> <span class='ocrx_word' id='word_1_163' title='bbox 618 2657 832 2716; x_wconf 82' lang='lat' dir='ltr'>collectionem</span> <span class='ocrx_word' id='word_1_164' title='bbox 860 2653 1080 2733; x_wconf 82' lang='lat' dir='ltr'>Sibyllinorum</span> <span class='ocrx_word' id='word_1_165' title='bbox 1108 2659 1311 2731; x_wconf 88' lang='lat' dir='ltr'>oraculorum,</span> <span class='ocrx_word' id='word_1_166' title='bbox 1336 2678 1381 2736; x_wconf 86' lang='lat' dir='ltr'>qua</span> 
     </span>
     <span class='ocr_line' id='line_1_23' title="bbox 269 2758 1382 2838; baseline -0.002 -21"><span class='ocrx_word' id='word_1_167' title='bbox 269 2777 350 2817; x_wconf 89' lang='lat' dir='ltr'>nunc</span> <span class='ocrx_word' id='word_1_168' title='bbox 370 2758 489 2830; x_wconf 90' lang='lat' dir='ltr'>utimur,</span> <span class='ocrx_word' id='word_1_169' title='bbox 504 2759 591 2834; x_wconf 87' lang='lat' dir='ltr'>cujus</span> <span class='ocrx_word' id='word_1_170' title='bbox 614 2759 724 2817; x_wconf 86' lang='lat' dir='ltr'>aetatis</span> <span class='ocrx_word' id='word_1_171' title='bbox 746 2759 793 2829; x_wconf 90' lang='lat' dir='ltr'>sit,</span> <span class='ocrx_word' id='word_1_172' title='bbox 811 2778 829 2814; x_wconf 89' lang='lat' dir='ltr'>a</span> <span class='ocrx_word' id='word_1_173' title='bbox 844 2776 905 2836; x_wconf 91' lang='lat' dir='ltr'>quo</span> <span class='ocrx_word' id='word_1_174' title='bbox 923 2767 975 2816; x_wconf 88' lang='lat' dir='ltr'>aut</span> <span class='ocrx_word' id='word_1_175' title='bbox 998 2777 1016 2815; x_wconf 87' lang='lat' dir='ltr'>a</span> <span class='ocrx_word' id='word_1_176' title='bbox 1041 2759 1150 2838; x_wconf 88' lang='lat' dir='ltr'>quibus</span> <span class='ocrx_word' id='word_1_177' title='bbox 1174 2759 1325 2837; x_wconf 88' lang='lat' dir='ltr'>profecta,</span> <span class='ocrx_word' id='word_1_178' title='bbox 1342 2779 1382 2815; x_wconf 85' lang='lat' dir='ltr'>ne·</span> 
     </span>
     <span class='ocr_line' id='line_1_24' title="bbox 269 2857 1380 2939; baseline -0.004 -19"><span class='ocrx_word' id='word_1_179' title='bbox 269 2861 342 2920; x_wconf 86' lang='lat' dir='ltr'>scio.</span> <span class='ocrx_word' id='word_1_180' title='bbox 387 2858 451 2918; x_wconf 88' lang='lat' dir='ltr'>Sed</span> <span class='ocrx_word' id='word_1_181' title='bbox 470 2861 669 2919; x_wconf 88' lang='lat' dir='ltr'>certissimum</span> <span class='ocrx_word' id='word_1_182' title='bbox 686 2867 746 2931; x_wconf 88' lang='lat' dir='ltr'>est,</span> <span class='ocrx_word' id='word_1_183' title='bbox 770 2857 899 2916; x_wconf 90' lang='lat' dir='ltr'>eandem</span> <span class='ocrx_word' id='word_1_184' title='bbox 921 2858 1036 2917; x_wconf 91' lang='lat' dir='ltr'>homini</span> <span class='ocrx_word' id='word_1_185' title='bbox 1058 2859 1239 2932; x_wconf 88' lang='lat' dir='ltr'>christiano,</span> <span class='ocrx_word' id='word_1_186' title='bbox 1264 2861 1311 2939; x_wconf 90' lang='lat' dir='ltr'>pio</span> <span class='ocrx_word' id='word_1_187' title='bbox 1333 2879 1380 2916; x_wconf 90' lang='lat' dir='ltr'>ma-</span> 
     </span>
     <span class='ocr_line' id='line_1_25' title="bbox 269 2959 1381 3039; baseline -0.004 -21"><span class='ocrx_word' id='word_1_188' title='bbox 269 2960 328 3037; x_wconf 86' lang='lat' dir='ltr'>gis,</span> <span class='ocrx_word' id='word_1_189' title='bbox 358 2980 450 3039; x_wconf 84' lang='lat' dir='ltr'>quarn</span> <span class='ocrx_word' id='word_1_190' title='bbox 477 2960 582 3034; x_wconf 80' lang='lat' dir='ltr'>docte,</span> <span class='ocrx_word' id='word_1_191' title='bbox 614 2960 736 3031; x_wconf 91' lang='lat' dir='ltr'>deberi,</span> <span class='ocrx_word' id='word_1_192' title='bbox 770 2960 836 3039; x_wconf 91' lang='lat' dir='ltr'>qui,</span> <span class='ocrx_word' id='word_1_193' title='bbox 867 2980 945 3039; x_wconf 89' lang='lat' dir='ltr'>quae</span> <span class='ocrx_word' id='word_1_194' title='bbox 975 2960 1026 3018; x_wconf 90' lang='lat' dir='ltr'>hic</span> <span class='ocrx_word' id='word_1_195' title='bbox 1054 2960 1118 3017; x_wconf 90' lang='lat' dir='ltr'>illie</span> <span class='ocrx_word' id='word_1_196' title='bbox 1145 2980 1253 3039; x_wconf 85' lang='lat' dir='ltr'>sparsa</span> <span class='ocrx_word' id='word_1_197' title='bbox 1280 2959 1381 3017; x_wconf 84' lang='lat' dir='ltr'>oracula</span> 
     </span>
     <span class='ocr_line' id='line_1_26' title="bbox 269 3059 1381 3140; baseline -0.002 -23"><span class='ocrx_word' id='word_1_198' title='bbox 269 3059 423 3137; x_wconf 90' lang='lat' dir='ltr'>Sibyllina</span> <span class='ocrx_word' id='word_1_199' title='bbox 444 3072 616 3140; x_wconf 89' lang='lat' dir='ltr'>repererat,</span> <span class='ocrx_word' id='word_1_200' title='bbox 630 3083 691 3121; x_wconf 93' lang='lat' dir='ltr'>non</span> <span class='ocrx_word' id='word_1_201' title='bbox 715 3061 813 3120; x_wconf 89' lang='lat' dir='ltr'>solum</span> <span class='ocrx_word' id='word_1_202' title='bbox 835 3063 923 3120; x_wconf 85' lang='lat' dir='ltr'>novis</span> <span class='ocrx_word' id='word_1_203' title='bbox 946 3063 1047 3134; x_wconf 86' lang='lat' dir='ltr'>auxit,</span> <span class='ocrx_word' id='word_1_204' title='bbox 1064 3061 1120 3119; x_wconf 92' lang='lat' dir='ltr'>sed</span> <span class='ocrx_word' id='word_1_205' title='bbox 1141 3062 1247 3132; x_wconf 88' lang='lat' dir='ltr'>etiam,</span> <span class='ocrx_word' id='word_1_206' title='bbox 1263 3070 1296 3118; x_wconf 91' lang='lat' dir='ltr'>ut</span> <span class='ocrx_word' id='word_1_207' title='bbox 1309 3080 1381 3118; x_wconf 91' lang='lat' dir='ltr'>unun</span> 
     </span>
     <span class='ocr_line' id='line_1_27' title="bbox 268 3161 1379 3239; baseline 0 -22"><span class='ocrx_word' id='word_1_208' title='bbox 268 3179 376 3237; x_wconf 89' lang='lat' dir='ltr'>corpus</span> <span class='ocrx_word' id='word_1_209' title='bbox 399 3161 589 3219; x_wconf 86' lang='lat' dir='ltr'>oraculorum</span> <span class='ocrx_word' id='word_1_210' title='bbox 612 3162 790 3235; x_wconf 89' lang='lat' dir='ltr'>conficeret,</span> <span class='ocrx_word' id='word_1_211' title='bbox 813 3163 899 3221; x_wconf 90' lang='lat' dir='ltr'>nulla</span> <span class='ocrx_word' id='word_1_212' title='bbox 922 3171 1005 3235; x_wconf 87' lang='lat' dir='ltr'>arte,</span> <span class='ocrx_word' id='word_1_213' title='bbox 1029 3161 1113 3220; x_wconf 92' lang='lat' dir='ltr'>nullo</span> <span class='ocrx_word' id='word_1_214' title='bbox 1137 3161 1256 3238; x_wconf 90' lang='lat' dir='ltr'>judicio</span> <span class='ocrx_word' id='word_1_215' title='bbox 1278 3161 1379 3239; x_wconf 89' lang='lat' dir='ltr'>conglu-</span> 
     </span>
     <span class='ocr_line' id='line_1_28' title="bbox 266 3260 1378 3343; baseline 0.004 -27"><span class='ocrx_word' id='word_1_216' title='bbox 266 3261 385 3317; x_wconf 87' lang='lat' dir='ltr'>tinavit.</span> <span class='ocrx_word' id='word_1_217' title='bbox 429 3260 499 3318; x_wconf 89' lang='lat' dir='ltr'>Hae</span> <span class='ocrx_word' id='word_1_218' title='bbox 526 3270 628 3319; x_wconf 90' lang='lat' dir='ltr'>tamen</span> <span class='ocrx_word' id='word_1_219' title='bbox 651 3263 865 3322; x_wconf 86' lang='lat' dir='ltr'>commissurae</span> <span class='ocrx_word' id='word_1_220' title='bbox 894 3283 1133 3343; x_wconf 81' lang='lat' dir='ltr'>compagesque,</span> <span class='ocrx_word' id='word_1_221' title='bbox 1159 3271 1192 3320; x_wconf 89' lang='lat' dir='ltr'>ut</span> <span class='ocrx_word' id='word_1_222' title='bbox 1220 3263 1264 3320; x_wconf 88' lang='lat' dir='ltr'>ita</span> <span class='ocrx_word' id='word_1_223' title='bbox 1291 3263 1378 3321; x_wconf 81' lang='lat' dir='ltr'>dican.</span> 
     </span>
     <span class='ocr_line' id='line_1_29' title="bbox 266 3359 1380 3443; baseline 0 -25"><span class='ocrx_word' id='word_1_224' title='bbox 266 3359 358 3418; x_wconf 86' lang='lat' dir='ltr'>facile</span> <span class='ocrx_word' id='word_1_225' title='bbox 385 3359 483 3436; x_wconf 88' lang='lat' dir='ltr'>perito</span> <span class='ocrx_word' id='word_1_226' title='bbox 511 3360 619 3420; x_wconf 88' lang='lat' dir='ltr'>lectori</span> <span class='ocrx_word' id='word_1_227' title='bbox 652 3382 685 3420; x_wconf 90' lang='lat' dir='ltr'>se</span> <span class='ocrx_word' id='word_1_228' title='bbox 716 3363 864 3440; x_wconf 74' lang='lat' dir='ltr'>produnt,</span> <span class='ocrx_word' id='word_1_229' title='bbox 894 3373 957 3422; x_wconf 92' lang='lat' dir='ltr'>tum</span> <span class='ocrx_word' id='word_1_230' title='bbox 986 3384 1003 3421; x_wconf 90' lang='lat' dir='ltr'>e</span> <span class='ocrx_word' id='word_1_231' title='bbox 1036 3382 1137 3420; x_wconf 89' lang='lat' dir='ltr'>rerum</span> <span class='ocrx_word' id='word_1_232' title='bbox 1166 3361 1380 3443; x_wconf 80' lang='lat' dir='ltr'>dogmatumque</span> 
     </span>
     <span class='ocr_line' id='line_1_30' title="bbox 267 3458 1378 3544; baseline 0.005 -29"><span class='ocrx_word' id='word_1_233' title='bbox 267 3458 486 3538; x_wconf 87' lang='lat' dir='ltr'>discrepantia,</span> <span class='ocrx_word' id='word_1_234' title='bbox 516 3471 579 3520; x_wconf 87' lang='lat' dir='ltr'>turn</span> <span class='ocrx_word' id='word_1_235' title='bbox 611 3484 627 3521; x_wconf 92' lang='lat' dir='ltr'>e</span> <span class='ocrx_word' id='word_1_236' title='bbox 659 3463 783 3540; x_wconf 87' lang='lat' dir='ltr'>linguae</span> <span class='ocrx_word' id='word_1_237' title='bbox 813 3465 1088 3542; x_wconf 86' lang='lat' dir='ltr'>grammaticesque</span> <span class='ocrx_word' id='word_1_238' title='bbox 1117 3465 1248 3522; x_wconf 85' lang='lat' dir='ltr'>ratione.</span> <span class='ocrx_word' id='word_1_239' title='bbox 1296 3466 1378 3544; x_wconf 87' lang='lat' dir='ltr'>Atque</span> 
     </span>
     <span class='ocr_line' id='line_1_31' title="bbox 266 3561 1378 3645; baseline 0.009 -27"><span class='ocrx_word' id='word_1_240' title='bbox 266 3580 333 3619; x_wconf 89' lang='lat' dir='ltr'>eam</span> <span class='ocrx_word' id='word_1_241' title='bbox 354 3561 444 3638; x_wconf 86' lang='lat' dir='ltr'>hujus</span> <span class='ocrx_word' id='word_1_242' title='bbox 467 3563 580 3621; x_wconf 88' lang='lat' dir='ltr'>criseos</span> <span class='ocrx_word' id='word_1_243' title='bbox 596 3573 729 3642; x_wconf 90' lang='lat' dir='ltr'>partem,</span> <span class='ocrx_word' id='word_1_244' title='bbox 747 3587 826 3645; x_wconf 90' lang='lat' dir='ltr'>quae</span> <span class='ocrx_word' id='word_1_245' title='bbox 850 3565 887 3624; x_wconf 90' lang='lat' dir='ltr'>de</span> <span class='ocrx_word' id='word_1_246' title='bbox 911 3565 1084 3642; x_wconf 87' lang='lat' dir='ltr'>dogmatum</span> <span class='ocrx_word' id='word_1_247' title='bbox 1105 3564 1310 3644; x_wconf 86' lang='lat' dir='ltr'>discrepantia</span> <span class='ocrx_word' id='word_1_248' title='bbox 1325 3566 1378 3643; x_wconf 86' lang='lat' dir='ltr'>agit</span> 
     </span>
     <span class='ocr_line' id='line_1_32' title="bbox 264 3663 1378 3740; baseline 0.005 -20"><span class='ocrx_word' id='word_1_249' title='bbox 264 3663 407 3722; x_wconf 87' lang='lat' dir='ltr'>tractavit</span> <span class='ocrx_word' id='word_1_250' title='bbox 427 3666 507 3737; x_wconf 72' lang='lat' dir='ltr'>Birq.</span> <span class='ocrx_word' id='word_1_251' title='bbox 528 3666 690 3723; x_wconf 77' lang='lat' dir='ltr'>Thorlucius</span> <span class='ocrx_word' id='word_1_252' title='bbox 710 3668 742 3723; x_wconf 93' lang='lat' dir='ltr'>in</span> <span class='ocrx_word' id='word_1_253' title='bbox 760 3666 848 3739; x_wconf 90' lang='lat' dir='ltr'>libro,</span> <span class='ocrx_word' id='word_1_254' title='bbox 869 3666 1012 3725; x_wconf 88' lang='lat' dir='ltr'>Havniae</span> <span class='ocrx_word' id='word_1_255' title='bbox 1037 3663 1127 3724; x_wconf 86' lang='lat'><strong>1315.</strong></span> <span class='ocrx_word' id='word_1_256' title='bbox 1151 3666 1243 3740; x_wconf 88' lang='lat' dir='ltr'>edito,</span> <span class='ocrx_word' id='word_1_257' title='bbox 1263 3669 1310 3726; x_wconf 92' lang='lat' dir='ltr'>cui</span> <span class='ocrx_word' id='word_1_258' title='bbox 1326 3670 1378 3725; x_wconf 89' lang='lat' dir='ltr'>titu-</span> 
     </span>
     <span class='ocr_line' id='line_1_33' title="bbox 263 3764 1379 3840; baseline 0.002 -18"><span class='ocrx_word' id='word_1_259' title='bbox 263 3764 328 3822; x_wconf 85' lang='lat' dir='ltr'>lus:</span> <span class='ocrx_word' id='word_1_260' title='bbox 351 3768 415 3823; x_wconf 82' lang='lat' dir='ltr'>libri</span> <span class='ocrx_word' id='word_1_261' title='bbox 435 3767 629 3839; x_wconf 64' lang='lat' dir='ltr'>sibyllinorum</span> <span class='ocrx_word' id='word_1_262' title='bbox 657 3772 755 3824; x_wconf 80' lang='lat' dir='ltr'>veleris</span> <span class='ocrx_word' id='word_1_263' title='bbox 785 3772 930 3838; x_wconf 84' lang='lat' dir='ltr'>ecclesiae,</span> <span class='ocrx_word' id='word_1_264' title='bbox 960 3772 1040 3836; x_wconf 83' lang='lat' dir='ltr'>crisi,</span> <span class='ocrx_word' id='word_1_265' title='bbox 1067 3775 1202 3840; x_wconf 82' lang='lat' dir='ltr'>quolenus</span> <span class='ocrx_word' id='word_1_266' title='bbox 1226 3778 1379 3835; x_wconf 78' lang='lat' dir='ltr'>monumenta</span> 
     </span>
     <span class='ocr_line' id='line_1_34' title="bbox 262 3866 1378 3949; baseline 0.004 -27"><span class='ocrx_word' id='word_1_267' title='bbox 262 3867 413 3922; x_wconf 79' lang='lat' dir='ltr'>christiana</span> <span class='ocrx_word' id='word_1_268' title='bbox 432 3874 510 3935; x_wconf 79' lang='lat' dir='ltr'>sunl,</span> <span class='ocrx_word' id='word_1_269' title='bbox 532 3869 657 3938; x_wconf 80' lang='lat' dir='ltr'>subjecti.</span> <span class='ocrx_word' id='word_1_270' title='bbox 702 3866 765 3926; x_wconf 91' lang='lat' dir='ltr'>Sed</span> <span class='ocrx_word' id='word_1_271' title='bbox 785 3867 923 3944; x_wconf 81' lang='lat' dir='ltr'>neglexit</span> <span class='ocrx_word' id='word_1_272' title='bbox 945 3867 1072 3926; x_wconf 86' lang='lat' dir='ltr'>alteram</span> <span class='ocrx_word' id='word_1_273' title='bbox 1093 3868 1177 3925; x_wconf 89' lang='lat' dir='ltr'>illam</span> <span class='ocrx_word' id='word_1_274' title='bbox 1193 3870 1312 3928; x_wconf 86' lang='lat' dir='ltr'>critices</span> <span class='ocrx_word' id='word_1_275' title='bbox 1327 3890 1378 3949; x_wconf 86' lang='lat' dir='ltr'>par·</span> 
     </span>
     <span class='ocr_line' id='line_1_35' title="bbox 261 3965 1378 4048; baseline 0.002 -26"><span class='ocrx_word' id='word_1_276' title='bbox 261 3975 337 4037; x_wconf 89' lang='lat' dir='ltr'>tem,</span> <span class='ocrx_word' id='word_1_277' title='bbox 362 3985 441 4044; x_wconf 91' lang='lat' dir='ltr'>quae</span> <span class='ocrx_word' id='word_1_278' title='bbox 469 3965 507 4024; x_wconf 94' lang='lat' dir='ltr'>de</span> <span class='ocrx_word' id='word_1_279' title='bbox 534 3968 731 4043; x_wconf 88' lang='lat' dir='ltr'>grammatica</span> <span class='ocrx_word' id='word_1_280' title='bbox 760 3976 790 4026; x_wconf 91' lang='lat' dir='ltr'>et</span> <span class='ocrx_word' id='word_1_281' title='bbox 816 3966 922 4043; x_wconf 86' lang='lat' dir='ltr'>lingua</span> <span class='ocrx_word' id='word_1_282' title='bbox 946 3969 1025 4044; x_wconf 79' lang='lat' dir='ltr'>agit3</span> <span class='ocrx_word' id='word_1_283' title='bbox 1054 3988 1146 4047; x_wconf 91' lang='lat' dir='ltr'>quam</span> <span class='ocrx_word' id='word_1_284' title='bbox 1179 3970 1205 4026; x_wconf 88' lang='lat' dir='ltr'>si</span> <span class='ocrx_word' id='word_1_285' title='bbox 1232 3971 1323 4048; x_wconf 91' lang='lat' dir='ltr'>priori</span> <span class='ocrx_word' id='word_1_286' title='bbox 1348 3969 1378 4028; x_wconf 90' lang='lat' dir='ltr'>illi</span> 
     </span>
     <span class='ocr_line' id='line_1_36' title="bbox 261 4063 1377 4147; baseline 0.004 -26"><span class='ocrx_word' id='word_1_287' title='bbox 261 4063 429 4140; x_wconf 89' lang='lat' dir='ltr'>adjungere</span> <span class='ocrx_word' id='word_1_288' title='bbox 456 4066 603 4125; x_wconf 87' lang='lat' dir='ltr'>voluisset</span> <span class='ocrx_word' id='word_1_289' title='bbox 631 4068 686 4126; x_wconf 94' lang='lat' dir='ltr'>Vir</span> <span class='ocrx_word' id='word_1_290' title='bbox 714 4069 932 4141; x_wconf 86' lang='lat' dir='ltr'>Doctissimus,</span> <span class='ocrx_word' id='word_1_291' title='bbox 960 4068 1052 4127; x_wconf 89' lang='lat' dir='ltr'>facile</span> <span class='ocrx_word' id='word_1_292' title='bbox 1083 4068 1212 4128; x_wconf 88' lang='lat' dir='ltr'>vidisset</span> <span class='ocrx_word' id='word_1_293' title='bbox 1241 4072 1272 4128; x_wconf 91' lang='lat' dir='ltr'>in</span> <span class='ocrx_word' id='word_1_294' title='bbox 1304 4071 1377 4147; x_wconf 84' lang='lat' dir='ltr'>longe</span> 
     </span>
     <span class='ocr_line' id='line_1_37' title="bbox 259 4165 1377 4249; baseline 0.004 -28"><span class='ocrx_word' id='word_1_295' title='bbox 259 4165 348 4242; x_wconf 84' lang='lat' dir='ltr'>plura</span> <span class='ocrx_word' id='word_1_296' title='bbox 382 4165 553 4243; x_wconf 86' lang='lat' dir='ltr'>fragmenta</span> <span class='ocrx_word' id='word_1_297' title='bbox 586 4167 799 4228; x_wconf 87' lang='lat' dir='ltr'>dissecandum</span> <span class='ocrx_word' id='word_1_298' title='bbox 828 4189 895 4227; x_wconf 87' lang='lat' dir='ltr'>esse</span> <span class='ocrx_word' id='word_1_299' title='bbox 927 4168 1147 4246; x_wconf 90' lang='lat' dir='ltr'>Sibyllinorum</span> <span class='ocrx_word' id='word_1_300' title='bbox 1180 4192 1298 4249; x_wconf 86' lang='lat' dir='ltr'>corpus.</span> <span class='ocrx_word' id='word_1_301' title='bbox 1343 4171 1377 4229; x_wconf 76' lang='lat' dir='ltr'>sic</span> 
     </span>
     <span class='ocr_line' id='line_1_38' title="bbox 258 4258 1377 4348; baseline 0.003 -29"><span class='ocrx_word' id='word_1_302' title='bbox 258 4261 335 4319; x_wconf 92' lang='lat' dir='ltr'>nihil</span> <span class='ocrx_word' id='word_1_303' title='bbox 360 4264 432 4320; x_wconf 93' lang='lat' dir='ltr'>mihi</span> <span class='ocrx_word' id='word_1_304' title='bbox 460 4267 572 4326; x_wconf 84' lang='lat' dir='ltr'>certius</span> <span class='ocrx_word' id='word_1_305' title='bbox 597 4278 657 4340; x_wconf 88' lang='lat' dir='ltr'>est,</span> <span class='ocrx_word' id='word_1_306' title='bbox 687 4289 779 4348; x_wconf 83' lang='lat' dir='ltr'>quarn</span> <span class='ocrx_word' id='word_1_307' title='bbox 804 4290 926 4328; x_wconf 87' lang='lat' dir='ltr'>versum</span> <span class='ocrx_word' id='word_1_308' title='bbox 954 4258 1028 4326; x_wconf 76' lang='lat' dir='ltr'>oilli</span> <span class='ocrx_word' id='word_1_309' title='bbox 1056 4264 1306 4340; x_wconf 78' lang='grc' dir='ltr'><strong><em>κατασπεύσοιντες</em></strong></span> <span class='ocrx_word' id='word_1_310' title='bbox 1335 4280 1377 4329; x_wconf 87' lang='lat' dir='ltr'>etc.</span> 
     </span>
     <span class='ocr_line' id='line_1_39' title="bbox 259 4361 1377 4450; baseline 0.008 -34"><span class='ocrx_word' id='word_1_311' title='bbox 259 4361 464 4441; x_wconf 28' lang='lat' dir='ltr'>a‘collectore</span> <span class='ocrx_word' id='word_1_312' title='bbox 487 4366 651 4424; x_wconf 87' lang='lat' dir='ltr'>carminum</span> <span class='ocrx_word' id='word_1_313' title='bbox 674 4369 809 4429; x_wconf 89' lang='lat' dir='ltr'>additum</span> <span class='ocrx_word' id='word_1_314' title='bbox 832 4391 916 4443; x_wconf 89' lang='lat' dir='ltr'>esse,</span> <span class='ocrx_word' id='word_1_315' title='bbox 939 4379 972 4427; x_wconf 94' lang='lat' dir='ltr'>ut</span> <span class='ocrx_word' id='word_1_316' title='bbox 1001 4370 1171 4443; x_wconf 89' lang='lat' dir='ltr'>oraculum,</span> <span class='ocrx_word' id='word_1_317' title='bbox 1202 4371 1283 4450; x_wconf 92' lang='lat' dir='ltr'>quod</span> <span class='ocrx_word' id='word_1_318' title='bbox 1310 4367 1377 4450; x_wconf 87' lang='lat' dir='ltr'>apud</span> 
     </span>
     <span class='ocr_line' id='line_1_40' title="bbox 257 4456 1376 4548; baseline 0.014 -40"><span class='ocrx_word' id='word_1_319' title='bbox 257 4456 450 4514; x_wconf 86' lang='lat' dir='ltr'>Lactantium</span> <span class='ocrx_word' id='word_1_320' title='bbox 472 4463 606 4533; x_wconf 84' lang='lat' dir='ltr'>legerat,</span> <span class='ocrx_word' id='word_1_321' title='bbox 628 4468 686 4524; x_wconf 92' lang='lat' dir='ltr'>hoc</span> <span class='ocrx_word' id='word_1_322' title='bbox 707 4469 796 4528; x_wconf 91' lang='lat' dir='ltr'>modo</span> <span class='ocrx_word' id='word_1_323' title='bbox 819 4491 885 4527; x_wconf 86' lang='lat' dir='ltr'>curn</span> <span class='ocrx_word' id='word_1_324' title='bbox 905 4471 1162 4548; x_wconf 88' lang='lat' dir='ltr'>praecedentibus</span> <span class='ocrx_word' id='word_1_325' title='bbox 1183 4473 1376 4548; x_wconf 88' lang='lat' dir='ltr'>conjungeret,</span> 
     </span>
    </p>
   </div>
   <div class='ocr_carea' id='block_1_3' title="bbox 0 0 1446 5184">
    <p class='ocr_par' dir='ltr' id='par_1_7' title="bbox 0 0 1446 5184">
     <span class='ocr_line' id='line_1_41' title="bbox 0 0 1446 5184; baseline 0 5"><span class='ocrx_word' id='word_1_326' title='bbox 0 0 1446 5184; x_wconf 95' lang='lat' dir='ltr'> </span> 
     </span>
    </p>
   </div>
  </div>
 </body>
</html>
