2884 5184
148 466 331 516 onacunr
353 468 542 523 smmum
561 470 656 519 arun
676 469 905 521 ucuauuruu
927 473 1045 522 onvrn.
1132 460 1173 519 47

31 641 95 721 ἔχεεν
118 639 256 717 νεφέλας
283 661 318 703 τε
338 638 389 702 καλ
413 635 531 723 οὔρεα
559 653 778 706 annotaveram
800 633 884 726 ἠέρα.
929 644 1115 725 Occupavit,
1140 654 1173 708 ut

31 742 125 814 rideo,
146 739 415 803 Rhodomannus.

31 862 51 899 r.
70 837 142 900 568.
184 828 233 916 δὴ
257 830 336 920 γάρ
357 861 416 899 τοι
436 838 592 920 νεμέσηοεν
610 865 637 910 κ.
657 864 680 902 τ.
700 847 726 903 λ.

31 941 105 998 Rene
122 940 193 1017 jam
216 938 468 1000 Rhodomannus
489 937 534 1000 τοὶ
555 941 587 1000 in
607 933 639 1002 ol
656 941 803 1014 mutavit,
823 940 905 1000 male
923 939 1005 1002 idem
1026 930 1083 1016 δὴν
1101 940 1170 1000 sub·

31 1039 166 1114 stituens3
191 1038 236 1098 cf.

31 1135 58 1209 3,
78 1136 150 1196 354.
185 1127 233 1215 δὴ
258 1129 335 1215 γάρ
353 1134 391 1195 οἱ
408 1131 548 1215 μεγάλοιο
569 1126 644 1210 Διὸς
661 1136 829 1215 διεφαίνετο
847 1128 962 1214 θυμὸς,

31 1235 75 1294 nbi
89 1235 345 1295 Rhodomannus
366 1234 449 1295 idem
471 1225 530 1313 δὴν
546 1235 634 1296 nobis
656 1236 821 1297 obtrudere
843 1236 955 1310 voluit3

31 1332 61 1405 9,
81 1331 130 1391 25.
188 1323 238 1410 δὴ
262 1329 337 1412 γάρ
359 1331 399 1392 οἱ
417 1329 607 1411 κατένευσεν,

31 1429 107 1508 quod
128 1431 186 1490 ille
210 1431 371 1491 intactum
392 1432 532 1512 reliquit3

34 1527 76 1601 11,
92 1529 166 1588 471.
190 1529 211 1588 δ
219 1519 242 1607 ὴ
261 1522 337 1609 γάρ
355 1529 394 1590 οἱ
413 1528 526 1591 λαοίοιο
546 1522 693 1613 καρήατος
714 1526 836 1604 ἄλλυδις
856 1524 931 1612 ἄλλο]

188 1624 360 1707 ἐγκέφαλος
381 1626 546 1689 κεκέδαστο.
733 1676 735 1679 .

35 1721 137 1804 Neque
167 1727 317 1791 absimile
350 1736 396 1789 est
422 1719 467 1807 δὴ
493 1719 565 1809 γάρ
586 1751 670 1806 μιν,
695 1728 780 1810 quod
805 1727 919 1807 legitur
940 1726 976 1800 9,
1008 1725 1077 1785 188.
1100 1726 1172 1788 366.

38 1819 87 1894 11,
106 1822 159 1882 or.

38 1939 63 1974 v.
83 1917 154 1981 610.
195 1923 320 2001 μέσον
339 1926 417 1986 illud
438 1929 535 2005 κῦμα
556 1950 618 1995 non
639 1929 789 2008 intelligo.

508 2121 710 2132 *—

43 2300 67 2361 s.
78 2301 296 2371 ouAcunA
310 2288 552 2375 sinunnruu
566 2307 691 2373 Aeun
708 2307 1007 2373 LAannuruu
1018 2307 1170 2373 cuno.

242 2479 273 2547 a)
297 2481 328 2530 in
351 2479 453 2530 libris
471 2481 668 2532 Divinarum
687 2479 962 2531 Institutionum.

118 2593 289 2660 Maximam
315 2600 546 2660 admirationem
572 2611 675 2662 movet
706 2602 835 2680 insignis
867 2602 921 2661 illa
954 2600 1197 2680 discrepantia,1

48 2710 116 2770 quae
138 2697 305 2761 intercedit
334 2702 414 2761 inter
441 2720 549 2760 versus
575 2701 761 2782 Sibyllinos,
794 2704 827 2762 in
853 2702 1034 2762 collectione
1064 2701 1171 2760 horum

49 2797 226 2860 oraculorum
247 2811 404 2875 servatos,
433 2810 464 2861 et
486 2821 556 2875 eoa,
584 2822 660 2882 qnos
681 2804 862 2862 Lactantius
883 2823 945 2861 non
966 2821 1028 2861 uno
1049 2802 1082 2859 in
1102 2800 1171 2859 loco

50 2907 160 2967 ⁰pcrum
186 2916 314 2960 suorum
339 2899 438 2959 affert.
482 2901 553 2959 Huc
582 2900 717 2973 accedit,
754 2900 836 2982 quod
861 2900 1017 2959 Lactantii
1047 2897 1171 2959 Graeca

51 2992 214 3069 saepissime
246 3015 287 3058 ne
316 2996 438 3059 Graeca
468 2998 591 3080 quidem
622 2998 697 3070 siut,
731 3007 954 3078 praetereaque
982 2997 1075 3074 longe
1104 2997 1171 3076 plu-

50 3084 114 3146 rima
140 3094 172 3154 in
198 3106 331 3159 metrum
361 3098 537 3178 turpissime
568 3104 708 3176 peccent.
757 3096 857 3156 Auxit
888 3095 1012 3155 tandem
1040 3094 1170 3154 admira-

50 3183 165 3265 11οΠ6111,
197 3197 283 3278 quod
313 3198 548 3269 Bunemannus,
579 3204 625 3255 tot
659 3194 816 3254 codicibus
850 3193 1095 3275 editionibusque
1125 3195 1170 3252 in-

52 3290 185 3368 iunctus,
212 3297 245 3355 in
268 3295 400 3357 Graecis
429 3316 553 3376 prorsus
578 3294 692 3355 nullius
719 3294 879 3355 varietatis
903 3294 1056 3367 meminit,
1083 3293 1173 3375 quasi

51 3378 119 3444 baec
142 3391 173 3451 iu
203 3395 344 3456 omnibus
371 3394 600 3475 exemplaribus
628 3393 736 3456 eodem
761 3394 850 3455 modo
878 3393 1064 3471 legerentur.
1109 3392 1171 3452 Ne-

54 3496 103 3555 111θ
128 3487 158 3546 in
187 3494 396 3573 praefatione,
431 3495 485 3554 ubi
517 3495 555 3556 de
587 3494 675 3554 codd.
704 3515 809 3555 mscrr.
843 3502 873 3553 et
902 3492 971 3552 edd.
1001 3494 1080 3570 agit,
1116 3512 1171 3551 un-

56 3594 133 3654 quom
151 3600 312 3665 memorat,
343 3591 466 3653 Graeca
484 3594 517 3652 in
537 3594 597 3651 hac
619 3592 671 3651 vel
692 3592 748 3651 illa
770 3591 905 3650 editione
927 3590 1098 3649 accuratius
1123 3590 1173 3648 edi

56 3689 151 3758 ⁰⁰0pta
178 3707 258 3749 esse.
303 3691 437 3750 Tantum
464 3711 504 3750 ex
535 3690 625 3749 titulo
655 3688 798 3748 editionis
826 3689 939 3747 Venet.
971 3686 1062 3745 1509.
1095 3687 1173 3747 haec

58 3771 145 3837 affert:
171 3788 328 3855 ,δικαίακαὶ
353 3792 494 3846 Firmioni
520 3806 622 3862 opera,
653 3803 746 3860 nuper
766 3803 823 3861 per
852 3789 957 3843 Ianum
986 3787 1174 3843 Parrhasium

59 3885 247 3944 “curatorem
273 3890 423 3960 οοολῐοαλο,
451 3903 553 3962 praeco
577 3890 684 3960 intepro
705 3887 856 3958 adjuncto,
885 3886 959 3958 quod
979 3888 1009 3941 in
1030 3887 1092 3941 οἶδε
1111 3901 1174 3943 cum

60 3982 171 4035 Momm
196 3990 251 4041 tum
276 3991 439 4056 corruptum
466 3988 619 4056 moenitum
647 3987 676 4040 io
696 3985 836 4041 torrem
857 3985 1104 4041 emendadum
1125 4000 1173 4041 re-

56 4072 160 4131 W·“
193 4078 293 4156 Quid,
315 4080 399 4161 qnod
420 4101 457 4141 eo
478 4082 638 4142 socordiae
658 4083 876 4140 Bunemannus
895 4081 1061 4161 processit,
1080 4088 1174 4140 utne

63 4175 179 4267 uoueret
202 4179 326 4259 quidem
346 4180 507 4254 lectorem,
536 4180 590 4239 ubi
611 4179 767 4259 Sibyllina
792 4199 873 4261 quae
901 4181 974 4238 citat
993 4181 1173 4240 Lactantius

62 4273 87 4364 {¹¹
105 4261 223 4351 Sylloga
245 4275 466 4354 Sibyllinorum
487 4277 654 4337 carminum
674 4278 867 4356 legerentur;
891 4278 974 4358 quod
994 4299 1057 4338 non
1074 4280 1173 4338 miuus

65 4368 90 4411 1n
106 4365 221 4451 reliquis
235 4375 364 4437 Graecis
380 4379 527 4456 neglexit.
564 4378 680 4439 Verum
695 4377 727 4436 in
743 4376 870 4438 Graecis
886 4398 1009 4459 quoque
1023 4378 1173 4457 insignem

64 4467 118 4516 ⁰⁸⁸⁰
134 4464 170 4524 in
197 4473 351 4534 codicibus
378 4476 533 4537 Lactantii
559 4476 755 4549 varietatem,
792 4485 823 4536 et
848 4496 905 4557 per
935 4497 969 4536 se
999 4479 1173 4559 exspectari
