2884 5184
29 4791 31 4806 l

408 480 521 528 arun
549 482 841 535 nncrnnriuu.
1115 488 1174 548 149

58 652 165 727 agnosoi,
200 653 246 711 ita
281 665 320 715 ut
348 656 386 716 ab
416 656 520 735 aliquo
548 653 711 716 substituta
740 662 878 739 putanda
906 667 960 740 sit,
997 672 1065 750 qui,
1105 693 1172 733 oum

58 752 148 813 Graeca
164 755 273 833 legere
297 779 360 817 non
379 765 498 836 posset,
517 764 674 836 uteunque
697 780 735 820 ea
756 766 904 844 explevit.

113 856 225 917 Lineae
257 861 382 939 quinta,
410 863 515 929 sexta,
544 858 689 936 septima,
720 882 788 922 oum
816 876 905 945 perte
934 878 1063 932 octavae
1091 874 1169 936 haee

54 957 192 1016 mutirent:
223 963 272 1017 dei
298 975 396 1017 nomen
422 975 477 1014 non
499 967 592 1032 potest
616 979 666 1019 ere
685 965 825 1024 bominum
843 968 942 1048 sari*)
964 990 997 1029 ro
1019 992 1113 1050 ονομα
1132 995 1169 1036 ου

51 1056 129 1117 lomes
155 1064 319 1138 ανθρωτου
350 1076 411 1133 νροο
436 1073 545 1135 oropus
570 1062 766 1140 ίαληθηναυ,
791 1067 845 1127 ubi
870 1067 992 1131 Graeca
1021 1074 1113 1135 faoile
1135 1078 1167 1136 in

49 1157 157 1217 ordinem
171 1158 275 1233 redigi
289 1166 431 1235 possunt,
451 1160 478 1218 si
492 1162 683 1237 memineris,
707 1187 770 1246 νρω
785 1181 1019 1249 repraesentare
1035 1175 1167 1236 mediam

47 1258 168 1335 syllabam
189 1258 280 1315 voeis
296 1259 511 1335 praecedentis
528 1250 694 1341 ἀνθρώπου
708 1288 781 1329 casu
798 1271 845 1331 bis
860 1274 1015 1353 scriptam.
1051 1261 1166 1338 Verum

46 1359 63 1415 si
79 1358 207 1415 Latinam
228 1359 519 1438 interpretationem
542 1366 724 1427 contuleris:
748 1375 793 1430 dei
812 1393 910 1433 nomen
932 1396 987 1435 mon
1003 1387 1163 1453 potestate.

45 1477 88 1515 ron
105 1458 213 1533 injuria
236 1461 419 1539 suspiceris,
444 1463 602 1524 librarium
624 1466 738 1546 legisse
762 1459 794 1531 rb
815 1464 909 1551 ὄνομα
928 1481 973 1537 θυ
993 1481 1013 1538 i.
1040 1501 1067 1541 e.
1089 1471 1166 1542 θεοῦ

44 1546 197 1616 mammas
216 1569 281 1619 ete.
326 1561 390 1621 Sed
409 1584 517 1625 sensus
539 1569 689 1645 postulat,
710 1580 745 1631 ut
766 1594 827 1633 non
846 1575 883 1635 do
904 1577 962 1638 deo
986 1583 1162 1659 cogitemus,

44 1654 83 1711 sod
100 1654 133 1715 <le
162 1657 213 1718 dei
242 1646 320 1721 filio.
365 1665 462 1725 Recte
491 1666 596 1748 itaque
623 1689 657 1730 se
682 1672 776 1733 habet
804 1676 931 1755 vulgata
954 1666 992 1740 οὖ
1018 1673 1051 1741 τὸ
1068 1675 1163 1761 ὄνομα

43 1747 134 1815 oleta.
177 1760 319 1822 Primam
347 1766 452 1847 itaque
476 1777 595 1847 partem
623 1772 714 1851 hujus
744 1774 907 1854 fragmenti
925 1781 1096 1844 Hermetioi
1116 1787 1161 1846 sio

43 1864 104 1915 reste
123 1860 209 1920 nobis
233 1868 430 1928 constituisse
452 1869 608 1931 videmur:

104 1957 191 2033 αἴτιος
221 1960 256 2024 δὲ
285 1959 391 2029 τούτου
414 1972 467 2029 τοῦ
490 1969 584 2031 αἰτίου
607 1966 628 2052 ἡ
648 1977 701 2034 τοῦ
718 1976 806 2038 θείου
827 1977 878 2040 καὶ
899 1970 1063 2063 ἆγεννήνου
1085 1975 1160 2066 ‹ipor-

44 2060 87 2115 θοῦ
100 2060 237 2141 βούλησις
253 2110 441 2129 ........
458 2058 497 2130 οὗ
514 2062 546 2132 rb
566 2067 661 2152 ὄνομα
677 2067 713 2136 οὔ
729 2074 854 2138 levarat
868 2074 1035 2162 ἀνθρώπου
1050 2085 1087 2164 (s.
1106 2079 1159 2147 ἆν-

34 2160 219 2247 Ὶθρονοίνρυίθί)
243 2160 367 2245 στόματι
388 2172 566 2249 λαληθῆναι.

106 2262 212 2326 Cetera
239 2272 309 2348 jam
336 2272 476 2331 faciliora
507 2284 587 2335 sunt.
638 2277 767 2350 Latine,
804 2297 884 2358 qnae
920 2281 1019 2341 sodex
1054 2284 1156 2360 habet,

43 2366 176 2443 perspicua
197 2381 286 2449 sunt;
310 2371 432 2433 Graeca
454 2377 486 2434 in
507 2376 589 2436 hune
606 2376 729 2436 modum
749 2377 897 2456 legende:

105 2482 177 2528 εστιν
201 2494 263 2553 γαρ
291 2495 335 2545 τις
363 2496 387 2534 ω
407 2494 512 2535 τεκνον
540 2497 705 2557 απορρητος
732 2481 818 2557 loyor
837 2496 945 2556 σοφιας
967 2503 1049 2557 ουιος
1067 2501 1158 2560 οσιοις

44 2582 92 2640 περι
109 2589 157 2628 τοο
184 2594 282 2648 μονου
306 2596 351 2634 κο
371 2583 492 2636 πανίαν
511 2598 562 2637 και
580 2597 835 2657 προεννοουμενου
855 2586 899 2643 θο
920 2604 956 2644 ον
977 2605 1069 2647 ουσαν
1091 2607 1157 2670 saep

44 2668 178 2747 subponens
204 2690 281 2749 εστι;
308 2678 390 2757 quod
411 2679 568 2757 vulgatam
588 2680 754 2741 lectionem
774 2685 806 2743 in
829 2687 967 2747 omnibus
989 2690 1155 2765 confirmat,

44 2766 85 2826 nisi
102 2775 177 2852 quod
197 2788 271 2859 post
290 2776 349 2839 ἔστι
370 2780 402 2837 in
423 2780 510 2839 initio
534 2801 602 2839 eum
621 2784 778 2843 veteribus
801 2785 984 2848 editionibus
999 2800 1084 2851 reete
1098 2782 1155 2871 γὰρ

44 2867 117 2945 addit,
137 2880 282 2960 quodque
302 2890 387 2941 reete
409 2877 664 2962 προεννοουμένου
686 2886 761 2942 θεοῦ
778 2906 833 2964 pro
856 2887 961 2965 κυρίου
978 2891 1073 2967 ponit.
1117 2892 1154 2950 In

45 2972 142 3034 vocibus
169 3000 253 3051 ουιος
274 2991 366 3052 oerore
388 2990 441 3041 aut
466 3002 569 3042 errore
593 2982 703 3043 calami
724 2974 804 3055 ὅσιος
822 2985 869 3045 bis
893 2989 1037 3067 seriptum
1059 3010 1152 3067 agno·

45 3088 104 3146 roes,
123 3088 186 3153 aut,
210 3082 294 3161 quod
312 3082 471 3161 praefero,
491 3083 577 3160 leges
600 3074 681 3155 ὅσιος
701 3075 801 3155 ὁσίοις.

478 3219 575 3311 isis.
601 3250 631 3327 ρ.
656 3253 685 3310 7.

105 3381 227 3445 „Veram
244 3389 371 3458 quoniam
387 3385 490 3443 Graeci
500 3396 605 3446 veteres
619 3386 755 3465 χρίεσθαι
771 3389 974 3471 (exponamini
990 3393 1056 3453 eod.
1072 3395 1150 3473 Reg.

43 3470 56 3528 i.
72 3495 92 3532 e.
111 3485 283 3558 εχρειεσθαι)
306 3486 432 3542 dicebant
449 3492 526 3562 αυρί,
555 3492 629 3562 quod
647 3508 722 3550 manc
743 3481 919 3567 ἀλείφεσθαι
942 3493 1152 3569 (aaeicbeoem

45 3574 91 3631 sod.
109 3579 180 3659 Reg.
200 3584 221 3640 i.
244 3603 271 3642 ο.
293 3570 502 3663 ismenem),
530 3593 601 3648 sicut
618 3594 724 3649 indicat
738 3594 904 3650 Homericus
925 3589 1057 3680 (Homeri
1083 3595 1150 3652 eod.

43 3668 109 3755 bbg.)
129 3701 224 3743 versus
244 3687 304 3742 iller

94 3815 97 3822 ι
178 3771 287 3853 αὐτους
315 3779 348 3844 δὲ
372 3782 468 3861 δμωαί
494 3790 607 3847 Ιλοῦσαν
635 3787 687 3849 καὶ
714 3792 820 3867 χρῖσαν
841 3778 947 3871 ἐλαίῳ·

43 3872 297 3942 obliterationem
317 3904 368 3944 nos
390 3904 450 3943 eum
472 3891 609 3948 Christum
633 3889 719 3967 (me
742 3911 767 3948 o.
783 3891 820 3949 R.
842 3896 860 3949 i.
883 3908 907 3948 e.
929 3911 1000 3968 χρμ,
1022 3908 1149 3965 compen-

45 3970 216 4055 lbsompmm)
237 4003 442 4060 nuncupamus,
466 3993 483 4045 ί.
499 4006 523 4046 e.
544 3999 668 4058 unctum,
690 3996 740 4066 qui
752 3993 890 4049 Hebraico
904 3994 1024 4051 Messias
1038 3995 1148 4049 dicitur.

48 4126 225 4151 N...-

103 4244 128 4310 *l
143 4251 197 4302 Ubi
215 4253 365 4303 notandum
384 4271 492 4321 quoqne
507 4257 565 4319 fari
582 4259 692 4323 passive
710 4261 840 4324 positum.

92 4328 127 4398 *ἢ
142 4339 238 4389 Potest
261 4340 332 4388 enim
355 4356 462 4406 quoque
480 4342 552 4408 fieri,
577 4348 608 4392 nt
625 4344 761 4410 scriptura
779 4346 881 4396 codicis
899 4345 987 4394 nostri
1004 4342 1147 4407 ανθρωπυ

46 4414 95 4472 ⁷0⁰¹,
110 4434 183 4484 quam
201 4424 256 4474 alio
275 4425 354 4475 modo
374 4432 456 4478 antea
473 4428 664 4494 explicuimus,
686 4429 836 4495 depravata
854 4432 890 4481 sit
909 4448 941 4481 ex
960 4420 1148 4500 ἀνθρωπίνῳ,

46 4500 93 4549 llll
105 4504 210 4572 vulgara
230 4513 272 4558 ast
287 4509 380 4562 lectio.
787 4511 789 4514 ’
931 4513 933 4518 ’
