2884 5184
315 451 428 498 spuo
451 450 735 498 nnorsunruu
757 451 897 500 osvin.
1115 441 1173 501 105
1209 460 1212 465 <

38 627 135 686 Editio
163 627 308 705 princeps
338 623 559 703 Sibyllinorum
585 625 706 701 ignorat
738 626 860 706 quidem
888 628 1003 686 exitum
1027 630 1116 706 primi
1143 638 1174 688 et

40 729 150 786 initium
173 726 300 787 secundi
318 746 443 798 versus,
460 725 532 798 sed,
549 734 583 784 ut
604 725 741 799 videtur,
763 728 947 806 typographi
968 730 1068 809 culpa.
1093 731 1172 790 Num

38 830 83 886 ubi
103 830 135 886 in
157 829 238 887 notis
261 828 422 904 Betulejus
444 827 599 886 Luctantii
621 828 761 887 lectionis
783 829 935 901 meminit,
964 850 1031 888 eam
1052 832 1170 909 plenio-

38 948 95 985 rem
119 949 190 987 esse
210 949 273 987 non
291 927 416 988 indicat.
440 931 622 1008 Opsopaeus
644 948 768 990 versum
787 937 895 1008 postea
917 950 934 987 e
958 928 1075 990 duobus
1097 935 1170 992 scri·

38 1030 90 1107 ptis
112 1029 272 1090 codicibus
295 1027 517 1106 Sibyllinorum
541 1040 572 1092 et
592 1032 651 1091 hoc
672 1030 827 1091 Luctantii
845 1030 913 1090 loco
934 1031 1098 1111 supplevit.

555 1198 651 1259 Ibid.

115 1317 205 1386 „Item
221 1318 407 1394 paulopost:

196 1418 253 1488 οὖν
274 1419 382 1505 ὀλέσει,
404 1423 512 1491 παύσει
533 1427 565 1496 δὲ
585 1422 677 1490 ιιοὶλιν
698 1424 803 1508 χόλον,
825 1417 887 1490 εὖτ’
912 1421 951 1489 ἂν
971 1422 1097 1505 ἅπαντες

196 1519 341 1608 εὖσεβέειν
359 1529 427 1610 περὶ
447 1534 539 1613 θυμῷ
559 1529 603 1591 ένὶ
624 1529 730 1611 φρεσὶν
750 1521 926 1610 ἆσκήσητεέι.

39 1619 79 1686 ἐπ’
101 1620 140 1688 ἂν
162 1653 220 1712 pro
240 1616 303 1689 εὖτ’
324 1622 364 1690 ἂν
386 1634 426 1705 A,
448 1634 484 1705 B,
515 1633 550 1692 O.
594 1634 630 1692 ln
653 1633 814 1711 Sibyllinis
843 1636 974 1694 occurrit
1001 1637 1060 1695 hoc
1087 1638 1168 1716 frag-

40 1740 162 1792 mentum
184 1734 239 1793 lib.
258 1733 288 1791 4.
318 1753 348 1791 v.
373 1734 443 1794 164.
463 1755 508 1815 sq.

195 1823 264 1893 οὐδ’
284 1824 376 1893 ὀλέσει
395 1828 503 1894 παύσει
524 1831 556 1893 δὲ
580 1830 667 1911 χόλον
685 1826 791 1909 πάλιν,
815 1832 894 1915 elbum
916 1828 1043 1910 ἅπαντες

196 1925 331 2013 εὖσεβίην
352 1933 481 2017 ἐρίτιμον
502 1933 546 1995 tvl
564 1933 669 2015 φρεσὶν
690 1924 846 2013 οἶσιιήσητε,

40 2035 84 2093 ubi
102 2057 156 2114 pro
176 2034 315 2115 ἐρίτιμον,
337 2038 421 2118 quod
442 2037 540 2097 codex
560 2038 677 2115 Regius
697 2036 863 2117 Opsopeeo
886 2040 1051 2114 obtulerat,
1075 2041 1167 2102 editio

40 2137 170 2217 princeps
195 2150 336 2218 corrupte
363 2138 525 2218 περίψιμον
551 2138 637 2215 legit.
687 2137 751 2198 Sed
777 2159 832 2217 pro
860 2137 939 2216 εἴπερ
965 2142 1077 2200 rectius
1104 2144 1168 2220 legi

43 2237 111 2314 apud
130 2240 328 2300 Luctantium
348 2241 470 2299 videtur
492 2223 555 2296 εὖτ’
579 2228 619 2294 ἂν
642 2245 767 2315 propter
794 2246 974 2317 sequentem
999 2242 1166 2316 conjuncti·

41 2356 109 2396 vum.
152 2342 372 2419 Interpretatio
401 2341 515 2400 Latine
542 2338 620 2397 haec
647 2345 708 2398 est:
737 2338 831 2411 Neque
850 2340 963 2410 perdet,
991 2343 1052 2397 true
1079 2349 1169 2400 autem

40 2449 138 2514 parcet,
157 2461 223 2500 cum
244 2461 338 2502 omncs
355 2449 486 2518 pictatem
503 2422 541 2500 ecc
559 2444 650 2498 animo
664 2441 857 2514 praeoptatus.

488 2609 589 2669 mie.
624 2607 655 2683 ς.
677 2604 705 2666 s.

113 2732 255 2803 „Denique
275 2731 332 2786 alia
360 2731 465 2803 Sibylla
487 2731 643 2785 coelestium
669 2733 897 2801 terrenorumque
922 2732 1072 2800 penitorem
1094 2730 1170 2802 diligi

44 2836 156 2898 oportere
188 2834 349 2902 denunciat,
382 2847 418 2887 ne
446 2831 485 2886 od
512 2831 673 2902 perdendos
704 2830 826 2884 homines
857 2831 1005 2901 indrynatio
1037 2834 1101 2902 ejus
1128 2833 1168 2885 in-

45 2938 142 3000 ruryat:
922 2933 924 2937 ’

194 3022 305 3107 μήποτε
327 3025 482 3107 θυμωθεὶς
504 3022 572 3098 θεὸς
594 3018 723 3101 ἄφθιτος
745 3020 922 3105 έξοιτολέσσρ

193 3132 255 3189 πᾶν
275 3127 360 3210 γένος
381 3121 569 3209 ἀνθρώπων,
591 3127 690 3206 βίοτον
709 3121 760 3184 καὶ
779 3127 876 3201 φῦλον
897 3117 1030 3198 ἀναιδές·

145 3283 150 3293 .
194 3231 243 3290 δεῖ
259 3229 389 3313 στέργειν
406 3234 546 3311 γενετῆροι
568 3220 641 3290 θεὸν
664 3217 760 3304 σοφὸν
780 3224 844 3287 αἰέν
865 3221 978 3288 έόντσέι.

115 3335 208 3394 Edita
231 3334 420 3413 exemplaria
438 3334 515 3392 nihil
535 3334 671 3405 variant,
692 3332 753 3391 nisi
777 3331 859 3412 quod
878 3327 942 3391 αἰέν
969 3333 1109 3393 omittunt
1135 3334 1166 3395 A

47 3442 70 3489 et
89 3435 119 3493 C.
163 3436 197 3495 Si
218 3437 345 3513 vulgata
365 3435 457 3493 lectio
479 3433 639 3493 retinenda
662 3442 723 3506 est,
738 3430 838 3512 βίοτον
860 3430 910 3492 καὶ
930 3437 1027 3508 φῦλον
1048 3424 1168 3507 ἆναιδὲς

47 3539 253 3613 appositionem
282 3537 452 3607 continent,
486 3534 525 3593 ad
552 3537 614 3594 πᾶν
643 3533 727 3611 γένος
758 3527 930 3612 ἀνθρώπων
962 3535 1165 3596 referendam.

47 3632 140 3716 Neque
162 3639 251 3697 aliter
278 3637 465 3696 recentiores
488 3634 707 3713 Sibyllinorum
730 3637 879 3694 editiones
901 3634 957 3692 hos
975 3653 1090 3692 ¹versus
1113 3656 1166 3695 ex-

47 3733 150 3813 hibent,
170 3739 333 3816 locumque
355 3736 395 3820 ud
416 3737 497 3796 hunc
515 3755 637 3796 sensum
653 3736 697 3793 sic
716 3735 933 3812 interpretatus
950 3742 996 3791 est
1014 3732 1165 3794 Castalio:

195 3839 245 3897 Ne
269 3837 345 3897 deus
368 3846 511 3896 aeternus
535 3854 719 3910 succensens
742 3833 939 3893 deleatolim

196 3938 294 3999 Omne
315 3957 421 4014 genus,
443 3938 599 4017 vitamque
614 3937 768 3994 hominum
789 3935 976 4013 stirpemque
992 3935 1166 3995 nefandam.

49 4033 145 4099 Verum
166 4042 197 4099 in
226 4039 359 4099 editione
385 4039 524 4116 principe
547 4038 639 4115 longe
668 4036 757 4095 aliter
783 4037 815 4094 hi
840 4054 949 4093 versus
975 4037 1115 4114 concepti
1137 4046 1168 4096 et

50 4140 150 4200 coensi
171 4149 241 4200 sunt
263 4141 344 4199 hunc
366 4142 398 4199 in
420 4137 556 4197 modum:

193 4234 303 4318 μήποτε
324 4235 481 4316 θυμωθεὶς
503 4227 573 4307 θεὸς
595 4230 725 4310 ἄφθιτος
747 4231 930 4318 έξοιττολέσρς,

195 4341 244 4399 δεῖ
259 4336 388 4418 στέργειν
408 4338 548 4419 γενετῆρσ
570 4325 645 4394 θεὸν
665 4324 761 4411 σοφὸν
782 4331 846 4395 αἰὲν
863 4329 959 4410 ἐόντα,

195 4432 235 4517 μὴ
253 4437 337 4518 γένος
358 4430 531 4519 eleopoleos
551 4435 650 4516 βίοτον
671 4434 722 4496 uel
741 4428 856 4508 πάντας
877 4425 991 4516 ὀλέσσῃ.
1067 4438 1071 4445 ’
