2884 5184
315 475 429 524 seon
452 473 736 523 aacrsnrwn
758 477 901 525 onvri.
1133 466 1173 526 77

31 650 137 711 Versus
168 651 316 711 occurrit
340 650 373 709 in
393 648 506 728 Sibyll.
530 645 560 708 8.
590 668 622 706 v.
645 646 717 708 257.
747 650 827 710 inter
851 649 927 709 duos
952 650 1030 709 alios
1051 652 1174 711 mutilos

31 741 92 809 nidi
111 742 172 829 γὰρ
196 747 234 809 ἐν
258 745 336 834 δόξῃ
357 741 467 825 ἅλλοις,
492 759 523 810 et
543 745 595 808 nul
613 752 753 828 φθαρτῆς
774 737 883 830 σαρκὸς
901 752 1003 833 μορφῇ
1022 759 1081 812 eto.
1107 752 1172 832 (de-

31 851 119 910 dimus
140 852 255 911 locum
282 872 375 931 supra
396 850 437 910 ad
459 848 493 925 2,
519 848 567 925 12,
591 848 656 928 20.)
677 849 742 911 Sed
763 861 797 911 ut
819 872 859 911 ex
872 851 1009 929 Betuleji
1032 853 1172 934 etOpao·

31 954 92 1031 paei
122 955 208 1012 notis
232 961 385 1031 apparet,
419 952 512 1013 etiam
539 953 589 1012 hio
615 972 726 1012 versus
759 953 792 1010 in
821 951 927 1012 codiee
954 951 1175 1032 Sibyllinorum

31 1024 158 1113 mutilub
174 1054 259 1127 fuit,
291 1052 451 1132 suppletus
480 1054 697 1126 eLaetantio,
725 1057 772 1127 „in
793 1057 865 1129 qno“
894 1054 973 1114 haee
994 1064 1064 1114 sunt
1086 1077 1173 1136 prae·

31 1164 110 1214 terea
144 1154 317 1235 Opsopaei
347 1153 460 1226 verba,
496 1163 619 1228 „nanta
648 1156 770 1213 Puteoni
799 1158 960 1214 membrano
993 1176 1011 1215 a
1042 1163 1178 1216 communi

32 1258 137 1313 lectione
165 1259 287 1330 differt,
314 1265 345 1313 nt
369 1272 407 1313 ece
431 1260 658 1331 interpretatione
685 1257 782 1314 addita
803 1259 953 1331 collabitur,
984 1248 1026 1316 ἵν’
1050 1256 1178 1336 οἰκτροῖς

32 1350 129 1414 ἐλπίδα
152 1348 261 1439 deep,
291 1365 322 1415 nt
348 1362 457 1415 miserto
477 1374 556 1432 spem
573 1355 777 1435 praebeat*').“
821 1356 920 1438 Atqui
942 1356 1093 1418 editiones
1110 1360 1176 1437 jam

33 1466 149 1516 veteres
164 1458 333 1518 Laetantii
353 1460 433 1518 hane
455 1458 591 1519 additam
608 1457 724 1517 habent
738 1458 1038 1540 interpretationem:
1058 1466 1175 1521 mutero-

33 1560 100 1630 nto,
128 1564 349 1635 intromittente,
371 1566 514 1637 informis,
535 1569 566 1619 nt
583 1561 781 1618 miserationis
802 1578 880 1635 rpem
895 1564 1047 1635 praebeat,
1069 1571 1104 1622 ut
1124 1582 1177 1622 eos

37 1678 153 1739 quoque
168 1681 236 1720 non
252 1658 288 1722 ἐν
302 1662 359 1723 sed
372 1651 416 1722 ἵν’
434 1664 549 1741 legisse
564 1670 679 1742 pateat.
718 1661 830 1741 Neque
846 1662 936 1722 aliter
952 1661 1018 1721 eod.
1036 1663 1175 1742 Regiom.

37 1759 833 1845 oiktpoeattnoennopebooiuoiktooiooallaaauoei‚
853 1765 873 1824 i.
895 1785 923 1825 e.

160 1884 286 1945 οικτρος
305 1885 409 1941 αττμος
433 1883 567 1944 αμορφος
586 1885 617 1923 ιν
638 1882 765 1935 οικτοοις
785 1864 878 1925 stuta
899 1864 1001 1942 duest,

40 1979 92 2039 bae
114 1981 225 2042 addita
248 1968 525 2062 interpretatione,
553 1985 731 2056 miserabile,
758 1986 929 2059 inhonestas,
959 1989 1087 2059 infirmus
1109 1983 1177 2063 (pro

43 2084 176 2155 insomnii)
203 2096 236 2143 ut
263 2088 374 2142 materie
390 2102 468 2159 spem
483 2086 630 2159 praebeat.
675 2074 910 2146 Restituendum
931 2088 1036 2166 itaque
1056 2075 1098 2143 ἵν’
1121 2105 1177 2165 pro

44 2178 71 2239 ἐν
91 2183 275 2259 Lactantio,
296 2183 353 2244 sed
370 2185 564 2244 retiuendum
587 2178 682 2246 δώσει.
721 2185 803 2245 Nam
825 2179 907 2269 doiep
923 2190 979 2246 vix
1002 2185 1093 2246 eredo
1116 2186 1176 2244 Pu·

45 2284 121 2340 teani
143 2284 287 2346 oodioem
308 2285 446 2359 dedisse,
477 2285 534 2345 aed
555 2285 594 2344 ab
615 2284 781 2365 Opsopaeo
804 2286 849 2342 sio
872 2295 1125 2358 consumment,
1147 2294 1180 2345 ut

44 2381 206 2459 legitimum
230 2389 461 2465 conjunctivum
483 2394 554 2466 post
574 2383 625 2444 ἵνα
646 2386 784 2445 inferret.
819 2384 883 2446 Sed
902 2385 954 2446 ἵνα
969 2407 1037 2446 oum
1053 2385 1177 2445 indicat.

48 2483 132 2543 futuri
153 2489 355 2565 conjunctum
376 2489 444 2568 quis
464 2488 588 2547 nescit?
615 2487 728 2567 Neque
751 2486 892 2566 Sibyllae
914 2489 1078 2548 barbarum
1096 2480 1179 2568 δύσῃ

50 2593 109 2642 erat
129 2587 358 2649 obtrudendum
389 2589 435 2669 (ut
463 2578 715 2651 ἆοιοποδοὶσωσιν
746 2589 916 2652 Andronis.
948 2590 1049 2651 Rhod.
1077 2589 1179 2652 Euhie.

51 2681 160 2745 Nicom.
179 2711 254 2770 pag.
273 2690 343 2751 172.
367 2683 556 2774 μεταγράφῃς
584 2689 635 2750 καὶ
648 2685 748 2777 θήσῃς
768 2694 863 2755 Arist.
881 2693 919 2752 de
934 2693 1036 2752 LXX.
1053 2694 1179 2770 interpr.

51 2783 86 2842 V.
104 2788 144 2846 D.
172 2813 204 2871 p.
229 2791 326 2870 ten).
372 2791 518 2852 Similiter
545 2794 696 2854 Matthaei
723 2786 865 2872 θήσομεν
890 2817 946 2875 pro
970 2786 1106 2872 θήσομεν
1133 2811 1179 2851 re·
1215 2848 1219 2854 .

53 2887 165 2966 scripsit
194 2894 229 2952 in
248 2896 386 2953 Plonndie
412 2899 637 2969 interpretatione
657 2897 767 2954 Graeca
793 2900 847 2954 loci
867 2901 989 2956 onenris
1010 2899 1049 2973 ott
1068 2896 1178 2951 Heren-
1231 2914 1234 2920 ’

55 2990 120 3045 noim
148 2996 181 3051 de
203 2998 340 3069 facultate
361 3000 524 3065 memoriae,
552 3002 614 3052 orte
639 3003 666 3052 et
684 2998 773 3053 studio
788 3001 975 3071 perficiendo.
1018 2997 1178 3075 Mosquas.
1197 3011 1222 3051 n

56 3086 169 3152 ³1810
197 3095 292 3154 edita.
319 3115 390 3175 pag.
414 3093 444 3153 8.
489 3094 552 3155 Sed
582 3094 732 3173 ejusmodi
759 3096 953 3158 librariorum
981 3105 1013 3157 et
1032 3095 1182 3155 editorum

58 3193 198 3255 erroribus
220 3198 376 3257 immorari
396 3218 476 3257 nune
497 3218 558 3257 non
580 3208 681 3258 vacat.
725 3199 904 3277 Pergamus.

400 3385 471 3442 Lm.
494 3385 549 3443 IV.
574 3328 650 3444 ciel
671 3385 719 3444 17.
743 3384 774 3461 ἓ
797 3387 827 3444 4.

135 3533 210 3601 „Illo
231 3542 302 3595 enim
317 3542 402 3611 prior
422 3542 484 3611 Iex,
506 3557 578 3612 quae
594 3557 651 3612 per
671 3540 789 3615 Moysen
811 3543 876 3597 dota
895 3547 949 3610 est,
971 3557 1026 3595 non
1048 3543 1076 3595 in
1095 3545 1184 3595 monte

64 3623 120 3685 St'tm
144 3632 231 3710 (Syon
255 3637 321 3697 eod.
344 3636 395 3715 R.)
426 3641 476 3696 sed
501 3645 530 3696 in
552 3647 641 3695 monte
664 3640 744 3695 Oreb.
769 3637 896 3715 (Choreb.
925 3656 951 3694 a.
975 3635 1027 3713 R.)
1050 3639 1115 3694 doto
1136 3646 1185 3705 est,

64 3744 136 3796 quom
155 3738 272 3813 Sibylla,
293 3742 360 3814 lore
380 3747 411 3797 ot
430 3758 448 3796 a
467 3743 525 3813 filio
548 3740 601 3796 Dei
619 3743 786 3810 solveretur,
807 3740 935 3795 ostendit:

182 3845 250 3914 ἀλλ’
272 3848 319 3913 tn
338 3844 422 3912 τοῦτ’
447 3848 491 3914 oin
511 3846 628 3915 ἅπαντα
648 3856 805 3934 τελειωθῇ,
828 3845 904 3933 ὅπερ
921 3844 1020 3926 elnon,

181 3953 221 4027 εἰς
243 3945 336 4015 αὐτὸν
357 3955 416 4025 πᾶς
438 3947 556 4017 idonens
576 3951 667 4034 νόμος
673 3957 707 4033 ,“

56 4058 113 4123 'uhi
136 4062 199 4131 ἀλλ’
227 4064 274 4133 ὅτε
296 4063 336 4133 olo
358 4073 404 4149 A,
424 4075 467 4149 B,
487 4075 523 4135 O.
551 4077 643 4135 renim
663 4067 789 4133 ἅπαντα.
813 4072 859 4145 Α,
885 4071 920 4131 Ο.
963 4072 1033 4130 Hoc
1054 4060 1094 4127 dv
1115 4076 1187 4128 ante

72 4168 151 4229 Wftw
177 4176 208 4235 in
235 4174 374 4235 omnibus
401 4176 498 4236 tribus
527 4176 682 4236 veteribus
709 4173 895 4235 editionibus
917 4193 1027 4251 magno
1047 4171 1121 4230 mihi
1142 4177 1189 4229 est

77 4319 260 4343 N..-

76 4495 81 4507 .
132 4419 156 4487 ²⁸)
174 4427 319 4493 Spanius,
342 4429 414 4495 quod
438 4431 557 4493 mireris,
580 4428 631 4478 hoc
653 4430 681 4478 in
704 4428 766 4479 loeo
789 4427 935 4477 lectionem
951 4424 1053 4475 codicis
1071 4420 1189 4475 Puteani

74 4511 99 4547 ¹¹²
112 4513 173 4562 nota
189 4515 276 4566 affert.
