2884 5184
598 414 862 461 FRAGMENTA
884 413 1053 461 GRAECA

423 584 566 646 moliare
587 585 638 646 καὶ
659 586 812 666 χαρίεντα,
834 580 870 646 τά
892 608 944 647 xcv
965 585 1018 667 ῥέοι
1037 584 1118 660 οὔτις
1138 588 1227 648 ἴδοιτο

424 680 613 765 ἀνθρώπων,
635 679 719 749 ὅσσοι
737 689 844 766 σοφίης
862 684 1072 768 μαιήτορες
1095 689 1207 749 ἔπλεον.

259 792 344 868 Lego
373 780 436 849 edd
443 790 455 848 ι’
462 805 564 849 νεσσι
590 782 771 866 φορεύμενος
792 789 914 871 ἔδρακες
936 782 1045 861 ὄσσοις.
1088 793 1189 850 Versu
1208 801 1313 869 quarto
1334 792 1382 848 luit

259 893 325 950 sine
353 892 445 950 dubio
474 884 714 971 μαιεότορες,
745 902 776 952 et
801 893 942 970 respexit
968 893 1170 969 philosophus
1197 892 1235 950 ad
1257 891 1382 951 Socratis

260 1005 349 1051 ortem
368 997 555 1051 obstetricium.
1023 994 1026 998 ’

714 1136 926 1149 *un-uu·-

304 1385 333 1444 6.
374 1378 656 1444 FRAGMENTA
681 1379 869 1444 GRAECA
891 1377 1017 1443 APUD
1039 1344 1347 1441 LACTANTIUM.

545 1555 712 1612 Lnornur.
737 1572 800 1611 rua.
819 1554 844 1610 Ι.
873 1571 943 1610 cnr.
967 1550 997 1608 5.
1020 1549 1050 1625 ξ.
1072 1551 1103 1609 4.

347 1691 495 1761 „Orpbeus
519 1690 685 1761 (Horplteus
709 1688 776 1746 eod.
799 1685 951 1764 Regiom.)
974 1692 1022 1762 qui
1041 1697 1082 1745 est
1108 1687 1166 1765 (sio
1189 1709 1311 1770 quoque
1329 1690 1381 1747 eod.

261 1788 353 1865 leeg.)
377 1794 571 1846 uetustissimus
583 1798 733 1860 poetaram
755 1798 781 1845 rt
797 1793 922 1862 aequalis
942 1793 1067 1863 ipsorum
1088 1794 1219 1864 deorum,
1248 1796 1273 1848 si
1293 1795 1382 1865 quidm

261 1892 380 1946 traditur
403 1893 474 1945 inter
488 1893 665 1963 Aryomautos
687 1908 750 1947 cum
769 1892 938 1964 Tyndaridis
952 1900 978 1948 et
992 1894 1115 1949 Hercule
1133 1895 1289 1964 norlyosse,
1311 1895 1382 1948 llam

263 2007 355 2046 verum
382 1998 408 2045 et
435 1999 563 2063 maenum
590 1980 794 2067 πρωτόγονον,
818 1995 1045 2065 ammonendum,
1075 1997 1215 2066 appellat,
1245 1997 1318 2066 quod
1335 2004 1384 2048 eote

261 2094 351 2162 ι’γειινι
378 2092 447 2147 nitu
472 2095 507 2148 sil
531 2095 664 2165 ueritum,
691 2095 742 2148 rell
767 2094 802 2148 ab
826 2096 887 2165 ipro
907 2096 962 2149 sint
981 2101 1082 2151 cuncto
1104 2102 1255 2169 generato:
1286 2098 1383 2151 eundem

262 2196 344 2249 etiam
365 2197 405 2263 (et
424 2213 450 2251 ο.
469 2190 520 2268 R.)
544 2185 662 2267 φάνητα
681 2197 817 2261 nominat,
843 2196 931 2266 qood,
953 2213 1015 2252 cum
1037 2198 1129 2252 adltue
1150 2197 1221 2251 nrlttl
1240 2206 1324 2267 earet,
1338 2201 1383 2269 prt-

263 2312 323 2351 mur
346 2312 384 2351 er
404 2299 508 2369 infinito
527 2298 696 2368 apparuerit
716 2302 742 2350 et
759 2299 920 2352 eartiterit.“

348 2392 489 2454 Graecae
503 2415 595 2455 voces
611 2397 643 2454 in
659 2394 764 2456 codiee
779 2405 883 2455 nostro
901 2397 945 2456 sio
963 2397 1096 2474 scriptae
1109 2411 1194 2456 sunt:
1219 2398 1381 2476 llptotonos

261 2496 292 2554 h.
314 2516 341 2554 e.
363 2514 543 2573 πρτογονον,
559 2498 671 2556 omisso
694 2497 760 2556 solo
783 2519 823 2566 ω,
849 2506 881 2555 et
903 2496 1023 2556 daunta
1044 2499 1064 2555 i.
1089 2520 1116 2557 e.
1140 2491 1269 2576 φάνητο.
1313 2500 1382 2559 Nihil

261 2615 335 2654 vero
366 2596 494 2667 certius,
524 2617 615 2675 quam
638 2604 850 2675 primoqmitum
877 2619 894 2657 e
920 2608 1007 2658 textu
1030 2601 1186 2659 Laetantii
1216 2602 1381 2679 ejiciendum

262 2716 342 2755 esse.
387 2697 466 2755 Nam
491 2717 641 2777 nusquam
670 2698 738 2776 ipse
760 2698 898 2758 Graecas
922 2721 1016 2759 voees
1037 2703 1157 2760 Latinis
1180 2704 1380 2781 interpretatos

262 2807 324 2871 est,
353 2797 435 2878 quod
455 2798 589 2858 ostendit
609 2800 661 2858 vel
682 2800 752 2877 ipsa
772 2801 879 2859 harum
902 2801 1186 2879 interpretationum
1209 2806 1339 2862 varietas
1356 2799 1378 2854 in

262 2900 418 2960 codicibus
447 2908 478 2960 et
505 2900 699 2961 editionibus.
746 2900 799 2960 Sia
820 2902 887 2979 ipse
910 2904 1128 2963 Bunemannus
1152 2904 1191 2962 ad
1214 2924 1320 2961 vocem
1334 2893 1379 2973 ον’

262 3022 335 3079 rma
354 3011 495 3076 annotat,
520 3002 661 3062 ineditis
684 3014 809 3062 exstare
830 3004 942 3063 Latine
965 3004 1016 3063 vel
1038 3008 1248 3077 illuminatorem
1269 3002 1319 3060 vel
1338 3021 1376 3072 op-

256 3111 412 3178 porentem.
458 3105 499 3162 Et
526 3105 570 3162 sio
601 3125 724 3185 quoque
754 3105 840 3177 libri,
876 3104 986 3184 quibus
1018 3106 1062 3163 uti
1089 3102 1176 3160 nobis
1205 3102 1311 3162 datum
1336 3109 1377 3159 est.

262 3204 338 3262 Ood.
362 3205 440 3280 Reg.
463 3203 574 3276 habet,
604 3210 720 3265 eundem
739 3216 765 3264 el
786 3211 996 3265 illuminatorem
1017 3197 1135 3279 φάνητοι
1153 3208 1284 3261 nommal.
1312 3201 1377 3262 Edit.

261 3302 330 3378 A*)
360 3306 476 3361 eandem
503 3309 584 3362 eliam
611 3297 732 3382 φάνητω
752 3314 770 3366 ι’.
793 3312 1003 3366 illuminatorem
1029 3308 1160 3362 nominat.
1194 3303 1281 3362 Edit.
1306 3300 1378 3374 B,C

262 3407 378 3462 eundem
400 3409 482 3462 etium
503 3394 623 3481 φάνητα
642 3410 672 3463 id
689 3417 730 3465 est
747 3416 929 3483 apparentem
950 3410 1079 3463 nominat.
1125 3403 1178 3463 Sie
1200 3426 1336 3485 quoque,
1356 3411 1379 3459 ut

261 3505 301 3565 ad
329 3526 436 3565 vocem
459 3512 671 3582 primooenttum
693 3507 872 3579 redeamus,
902 3508 971 3584 ipsa
998 3508 1066 3583 ejus
1087 3507 1175 3564 varia
1196 3508 1309 3583 positio
1328 3524 1378 3565 ean

261 3609 394 3686 spuriam
414 3609 523 3687 arguit.
560 3609 778 3668 Bunemannus
804 3606 942 3687 quidem,
963 3616 997 3666 ut
1017 3606 1165 3678 vidimus,
1193 3609 1284 3664 Deum
1304 3622 1378 3666 ouum

261 3720 287 3768 et
317 3729 446 3783 moenum
477 3703 681 3789 πρωτόγονον,
710 3714 923 3783 ρωπογωιὶιννι
954 3712 1079 3783 appellat
1105 3716 1137 3765 et
1164 3707 1209 3764 sio
1237 3728 1277 3766 ex
1307 3705 1378 3766 editis

259 3812 372 3870 nostris
398 3811 624 3888 exemplaribus
648 3810 692 3883 A,
716 3809 755 3882 O,
777 3810 822 3881 D,
843 3809 903 3867 nisi
926 3808 1009 3888 quod
1022 3808 1052 3865 A
1073 3806 1240 3866 manifesta
1262 3810 1376 3883 interpo-

259 3912 384 3971 lationis
408 3920 498 3983 nota‚
527 3921 599 3970 ante
627 3912 860 3989 primogenitum
883 3916 901 3967 ι’.
930 3918 961 3968 et
985 3907 1009 3967 O
1030 3913 1049 3964 ι’.
1071 3925 1096 3963 e.
1120 3907 1332 3986 interponunt,
1357 3915 1379 3962 et

262 4012 293 4080 (l
308 4032 429 4092 quoque
458 4022 483 4069 el
510 4021 581 4071 ante
610 4032 739 4087 maenum
764 4011 883 4069 omittit.
913 4009 996 4068 Edit.
1019 4010 1045 4066 B
1074 4028 1164 4066 vero:
1194 4014 1276 4069 deum
1303 4025 1378 4070 oerum

260 4105 448 4191 πρωτόγονον
474 4122 501 4171 et
528 4131 656 4186 maenum
684 4118 895 4189 prirnoqeoitum
927 4115 1057 4185 appellat.
1107 4109 1151 4167 At
1179 4109 1289 4170 Codex
1318 4111 1377 4183 Reg-

331 4365 357 4430 *)
377 4364 471 4414 Editio
488 4365 626 4413 Laetantii
638 4364 744 4415 Veneta
763 4382 788 4416 a.
804 4365 881 4414 1494.
900 4369 1015 4414 vocatur
1033 4363 1076 4413 ed.
1089 4363 1128 4424 A,
1147 4363 1256 4412 Veneta
1276 4379 1300 4413 a.
1317 4358 1377 4412 1509.

263 4446 305 4494 σᾶ.
325 4450 362 4507 Β,
381 4447 509 4495 Parisino
526 4463 552 4495 a.
574 4449 651 4499 1513.
671 4451 714 4501 ed.
734 4451 755 4499 C
774 4455 802 4499 et
821 4451 985 4501 Oxoniensis
1004 4465 1030 4499 a.
1053 4448 1129 4499 1684.
1148 4447 1191 4498 ed.
1211 4449 1248 4498 D.
