2884 5184
329 436 441 483 noun
462 435 745 484 necunnmuu
767 437 909 485 oevin.
1143 424 1182 485 51

35 604 95 681 (ubi
114 593 147 675 ὃς
168 614 289 684 aperte
316 629 372 687 pro
397 611 438 678 θς
458 609 479 666 i.
507 628 534 667 e.
557 597 629 679 θεὸς
655 610 786 687 positum
815 618 876 686 eet3
905 609 961 670 sed
988 610 1027 670 ob
1053 618 1182 670 metrum

33 712 133 781 postea
153 705 278 764 vocula
302 706 384 766 haec
407 707 508 784 ejecta
522 707 659 780 videtur,
683 728 777 788 aquo
792 710 904 788 primo,
925 708 1043 788 nescio)
1065 708 1183 769 addunt

34 812 192 879 praetereo.
210 803 260 876 A,
282 805 313 863 B
339 814 370 864 et
389 804 424 864 O.
446 806 526 864 hanc
552 807 743 867 versionem:
772 807 805 866 id
832 816 896 881 eet,
923 827 996 867 unus
1023 812 1107 880 deuo,
1135 814 1211 883 quit

31 905 101 959 eolus
130 905 322 976 dominatur,
349 910 427 980 isque
445 909 644 980 umplbsimw,
666 911 816 966 increatus.
838 937 882 951 -
911 906 1005 987 Apud
1025 907 1180 967 Juetinum

33 998 62 1056 in
78 1000 194 1059 eohort.
217 1000 263 1059 ad
289 1000 404 1062 Graec.
427 1022 458 1081 p.
481 1000 536 1073 16,
559 1003 600 1060 D.
623 1001 696 1062 edit.
721 1002 830 1062 Solon.
857 1000 951 1076 1686,
973 1002 1055 1062 idem
1072 1024 1180 1064 versus

33 1099 73 1157 sie
92 1098 226 1175 legitur:
821 1138 823 1141 -

153 1188 197 1268 εἷς
218 1193 255 1256 δὲ
279 1187 356 1269 θεός
375 1188 467 1274 μόνος
488 1193 568 1258 ἐστὶν
587 1187 806 1278 ὑπερμεγέθης,
831 1189 982 1277 ἀγένητος.

34 1294 125 1354 Paulo
147 1316 228 1356 vero
254 1296 352 1355 aliter
376 1316 445 1354 eum
466 1294 621 1375 Sibyllina
641 1298 766 1356 oracula
789 1299 952 1371 exhibent,

156 1389 200 1466 εἷς
221 1385 316 1471 θεὸς,
337 1384 370 1466 ὃς
391 1386 481 1471 μόνος
502 1386 599 1477 όῖρχει,
620 1386 825 1476 ὑπερμεγέθης
846 1386 1003 1476 όγένητος,

37 1492 117 1569 (edit.
132 1494 149 1551 I
164 1503 198 1554 et
218 1496 272 1553 II:
300 1493 342 1565 εἰς
356 1483 444 1568 θεὸς,
467 1486 559 1570 μόνος
578 1483 613 1566 ός
633 1488 727 1573 όργη,
749 1485 967 1575 ὑπερμεγέθης,
991 1486 1179 1574 όγένηοος*).

36 1591 160 1651 Mutavit
185 1592 398 1673 Opsopaeus‚
428 1593 480 1673 qui
506 1602 670 1671 praeterea
696 1595 816 1653 notavit
843 1594 927 1673 apud
953 1595 1118 1672 Theophil.
1140 1593 1181 1653 ed

37 1689 220 1770 Autolycum
251 1694 321 1771 legi
349 1684 390 1765 εἷς
409 1681 482 1764 θεός
503 1688 563 1751 ἐστὶ
582 1685 681 1768 μόνος.
725 1694 841 1752 Verum
862 1693 1016 1772 Sibyllina
1039 1713 1056 1752 e
1076 1693 1178 1752 Theo·

38 1789 113 1866 philo
137 1791 295 1866 collecta,
320 1811 399 1872 quae
425 1790 548 1868 adjecta
568 1801 640 1852 eunt
662 1791 846 1851 carminibus
867 1791 1028 1871 Sibyllinis
1051 1793 1083 1850 in
1106 1791 1178 1851 edit.

39 1886 67 1943 Η
86 1890 259 1966 praebent:

159 1982 203 2059 εἷς
224 1977 305 2060 θεὸς
326 1983 416 2066 μόνος
435 1980 532 2066 ἄρχει,
553 1980 658 2067 όπερμ.
682 2009 709 2047 κ.
728 2010 754 2047 τ.
776 1990 800 2046 l.

43 2089 69 2138 et
88 2083 179 2144 editio
203 2086 379 2165 Theophili
399 2084 593 2145 Coloniensie
611 2106 682 2165 pag.
701 2084 777 2159 112,
800 2086 835 2145 Ο.
858 2074 966 2145 vocem
987 2085 1179 2146 deficientem

43 2165 70 2247 39
88 2183 220 2261 supplet.
261 2184 335 2262 Quo
358 2185 451 2263 igitur
472 2186 532 2243 ieta
546 2183 703 2264 Opsopaei
724 2185 819 2243 verba
840 2183 1003 2245 referendo
1020 2186 1095 2256 sint,
1117 2205 1179 2245 non

44 2278 136 2338 video.
174 2282 241 2343 Sed
265 2284 428 2344 observari
445 2292 601 2343 merentur
621 2284 744 2362 reliqua
760 2282 917 2362 Opeopaei
937 2281 1047 2341 verba:
1072 2284 1179 2354 „Atque

46 2369 114 2433 ἐστὶν
127 2391 289 2453 agnoscunt
301 2386 410 2457 quidem
423 2384 562 2440 lactantii
576 2385 768 2456 exemplario,
789 2391 819 2440 ut
830 2386 965 2456 serapium
979 2366 1056 2458 όρχὴ
1070 2380 1179 2436 tabet

48 2468 129 2552 [οηρι.
157 2476 237 2549 cod,
261 2478 402 2560 Vrotisl.]
432 2478 601 2538 Videamus
621 2480 688 2556 jam
709 2487 846 2539 nostrum
869 2478 1022 2538 codicem:
1051 2477 1107 2548 „Io
1127 2476 1181 2533 biis

50 2588 106 2645 ooo
124 2581 270 2651 uersibus,
302 2598 370 2654 quoe
391 2581 510 2637 Romo‘m
531 2581 613 2652 ἰομοιί
633 2581 797 2650 attulerunt,
825 2579 859 2635 cle
878 2594 934 2636 uuo
955 2578 1006 2634 deo
1027 2576 1183 2632 boeotum

48 2676 198 2734 ἰεεὶἱεοοπίμ.
241 2696 319 2738 unus
346 2681 414 2737 cleos
440 2678 526 2737 eiedc
553 2680 722 2750 ονεπίμοεοηο
750 2693 902 2735 ocnonoe
927 2692 1017 2749 cupro
1045 2677 1180 2748 πορνείου-

50 2770 129 2827 dotem
157 2775 460 2855 opxellepnepeenc
495 2783 655 2847 atenutos,
691 2776 835 2834 ν’ννεοονεέι
883 2773 972 2832 Haec
1002 2774 1028 2832 ei
1052 2771 1178 2849 'graecis

49 2863 137 2928 literis
159 2874 297 2948 scribas,
320 2875 365 2933 eie
386 2872 521 2950 legenda
543 2880 623 2931 eunt.
643 2891 684 2942 εις
704 2876 745 2943 θς
762 2892 794 2942 ος
811 2891 902 2947 μονος
915 2890 985 2950 αργε
998 2872 1181 2948 περμερεθης

51 2982 180 3044 αγενητος
201 2972 305 3050 (nam,
327 2980 361 3031 ut
382 2990 475 3050 supra
495 2970 683 3039 monuimus,
704 2970 729 3025 θ
751 2987 873 3046 quoque
893 2986 950 3045 per
966 2985 983 3024 e
1001 2984 1180 3044 expressum

53 3071 104 3135 θθῒ,
126 3076 156 3126 et
176 3091 195 3147 γ
217 3082 254 3132 ut
274 3072 454 3152 plerumque
471 3066 577 3148 pert).
613 3065 700 3125 Nihil
713 3067 819 3145 itaque
833 3065 899 3124 vitii
912 3071 1065 3135 remanet,
1089 3082 1181 3142 quam

53 3162 127 3236 quod
146 3167 257 3233 ultima
278 3169 368 3230 litera
389 3169 421 3227 in
441 3158 523 3246 όρχει
547 3174 578 3225 et
600 3165 697 3245 prima
719 3165 752 3222 in
772 3153 974 3244 ὑπερμεγέθης
992 3161 1121 3234 excidit,
1149 3168 1181 3219 et

53 3261 172 3334 quodin
193 3268 257 3326 hac
277 3287 355 3326 voce
376 3289 411 3346 p,
434 3267 492 3325 hoc
513 3274 559 3324 est
581 3285 614 3343 ρ,
634 3284 689 3344 pro
709 3284 729 3340 γ
748 3265 879 3343 positum
901 3270 958 3322 eet.
995 3261 1086 3321 Petet
1106 3277 1192 3340 ergo.
1224 3271 1227 3276 ·

53 3353 205 3424 Lactantio
224 3367 346 3425 restitui
369 3365 497 3436 debere,
525 3362 607 3445 quod
624 3372 729 3425 textus
751 3362 973 3442 Sibyllinorum
991 3361 1056 3438 jum
1076 3358 1180 3428 habet,

54 3443 126 3532 ‘luxu
146 3483 202 3540 pro
225 3461 314 3523 ἐστίν.
359 3462 423 3522 Sed
440 3481 614 3541 pergemus.

565 3627 663 3686 Ibid.

134 3746 237 3812 „Hune
261 3764 321 3805 esse
339 3750 427 3805 solum
448 3747 536 3805 Deum
562 3761 712 3811 sommum,
739 3746 787 3816 qui
807 3743 912 3798 coelum
930 3742 1043 3813 feeerit,
1071 3742 1177 3796 lumini·
1199 3750 1210 3790 ⁷

59 3833 153 3910 tum
171 3847 331 3904 amoueo

176 3931 274 4015 „dut
295 3933 367 4013 θεὸς
384 3933 473 4018 μόνος
493 3933 535 4010 εἷς
555 3929 791 4017 πονοπὲρτατος,
812 3924 844 4005 ὃς
863 3933 1024 4011 πεποίηκεν
1116 3942 1119 3949 ’

177 4030 308 4118 οὖρονόν
328 4032 429 4119 ἠέλιόν
451 4058 481 4098 τε
501 4035 552 4098 καὶ
573 4026 698 4113 όστόρος
717 4023 771 4111 ἠδὲ
792 4024 918 4108 σελήνην

179 4130 373 4218 κνρνωφόρον
392 4127 484 4216 γαῖόν
503 4157 534 4197 τε
553 4133 604 4195 καὶ
626 4128 734 4202 ὕδατος
754 4130 880 4207 οἴδματα
901 4121 1045 4188 πόντου.“

68 4267 253 4291 χ-

126 4349 152 4414 *)
169 4357 249 4422 Xysti
266 4357 386 4421 Betuleji
405 4358 552 4407 editionem
570 4369 639 4403 voco
658 4352 688 4411 1,
707 4350 736 4400 in
755 4346 1016 4411 orthodoxographis
1035 4345 1077 4407 II,
1096 4343 1183 4407 Opsc-

68 4431 120 4484 mei
135 4434 189 4502 111,
209 4441 317 4492 Gellaei
336 4443 384 4492 IV.
926 4516 946 4574 4
957 4515 976 4553 *
