2884 5184
213 2419 237 2459 ll)

260 407 298 468 92
570 416 772 466 orasses
795 418 1029 466 eieramus

260 595 486 676 exemplaribus.
529 596 566 653 In
585 593 726 673 Sibyllae
748 615 823 654 vero
847 594 980 653 oraculis
1001 595 1081 655 haee
1101 597 1194 675 paulo
1215 598 1304 656 aliter
1323 596 1368 654 dis-
1407 640 1408 644 ,

259 702 351 781 posita
365 700 520 777 leguntur,
542 695 572 754 4.
592 718 623 755 v.
644 695 696 755 40.
719 716 787 777 sqq.

415 790 569 858 δόσττιστοι
586 786 644 878 γὰρ
661 787 743 855 ἅπαν
760 787 898 875 μερόπων
919 792 1012 875 γένος.
1037 784 1106 854 ἄλλ’
1128 787 1201 854 όταν
1224 789 1283 874 ἤδη

414 891 526 975 κόσμον
546 894 599 957 καὶ
617 898 739 974 θνητῶν
756 894 832 980 ἔλθῃ
849 896 960 977 κρίσις,
983 886 1023 973 ἣν
1040 887 1111 968 θεὸς
1135 887 1225 968 αὐτὸς

414 992 530 1077 ποιήσει
556 998 667 1080 κρίνων
688 988 804 1077 ἆσεβεῖς
823 990 886 1076 ἅμα
907 988 935 1058 τ’
957 990 1092 1077 εὐσεβέος
1111 1020 1155 1075 τε,

418 1098 470 1161 ναὶ
485 1091 553 1171 rode
575 1096 733 1178 israelitae
754 1096 809 1177 μὲν
829 1091 889 1160 ὑπὸ
911 1094 1005 1177 ζόφον
1026 1098 1136 1177 {perois
1155 1098 1278 1176 πέμψει,

418 1201 469 1264 καὶ
487 1189 548 1262 τότ’
570 1191 786 1279 ἕτειγνόσοντνι
809 1191 884 1279 όσην
904 1193 1045 1280 σἰσέβεινν
1063 1187 1175 1281 ἔρεξαν,

415 1295 544 1383 εὐσεβέος
566 1299 598 1362 δὲ
617 1303 758 1380 μενοῦσιν
778 1297 826 1360 ἐπὶ
843 1301 981 1383 ζείδωρον
1003 1295 1149 1382 ἄροοροιν,

416 1408 533 1483 πνεῦμα
551 1406 627 1464 θεοῦ
644 1396 748 1476 δόντος
769 1396 848 1481 ζωήν
868 1392 906 1462 θ’
928 1396 990 1481 ἅμα
1010 1400 1061 1462 καὶ
1081 1401 1149 1482 βίον
1165 1395 1283 1478 αὐτοῖς,

246 1515 305 1574 ¹ubi
325 1505 480 1571 δόσττιστοι
496 1509 581 1568 solus
601 1505 750 1566 Gallaeus
769 1505 879 1581 habet;
900 1504 1029 1586 reliqui,
1050 1514 1084 1564 ut
1104 1506 1298 1579 Lactantius,
1318 1498 1371 1564 δόσ-
1407 1544 1408 1555 .

254 1632 369 1679 πιστονς
393 1623 456 1671 tum
483 1601 558 1687 όσην
578 1596 728 1686 εὐσέβειαν
747 1607 773 1679 Ι,
795 1606 844 1681 Π;
871 1605 995 1666 tandem
1023 1626 1115 1666 versu
1139 1606 1248 1666 ultimo
1276 1599 1372 1682 ττνεδρό
1407 1624 1408 1627 ’

254 1736 284 1776 τε
300 1707 401 1785 δόντος
424 1708 475 1770 καὶ
495 1700 573 1784 ζωήν
593 1707 730 1766 eaedem.
774 1709 861 1766 Duos
879 1729 987 1768 versus
1009 1729 1027 1768 e
1047 1709 1264 1768 Laetantianis
1283 1710 1372 1768 iterum
1407 1726 1408 1733 ¹

253 1816 368 1896 profert
390 1811 511 1891 Sibylla
534 1809 563 1867 4.
587 1829 617 1866 v.
643 1805 712 1865 131.
738 1829 784 1887 sq.

415 1905 499 1974 όσσοι
517 1898 546 1970 δ’
568 1898 735 1987 εὖσεβδονσι
755 1902 848 1968 πόλιν
870 1899 985 1986 ζήσοντ’
1010 1907 1059 1969 ἐπὶ
1080 1913 1171 1989 γαῖαν

417 2016 532 2090 πνεῦμα
549 2012 624 2071 θεοῦ
645 2004 763 2087 δόντος,
785 2003 865 2090 ζωήν
885 2002 921 2070 θ’
944 2004 1005 2089 ἅμα
1029 2009 1079 2071 καὶ
1100 2010 1168 2090 βίον
1193 2004 1303 2083 αὐτοῖς,

254 2121 418 2181 Videamus
435 2120 500 2197 jam
522 2114 702 2194 scripturam
726 2113 839 2174 codicis
859 2115 1000 2192 Regiam.
1088 2156 1092 2163 .

462 2216 489 2274 1.
512 2215 680 2292 aietyiotou
906 2230 908 2235 ’
975 2210 1004 2271 2.
1025 2220 1158 2292 tllpatau

460 2316 489 2375 3.
512 2315 695 2375 tanuaukoe
970 2315 999 2373 4.
1022 2314 1201 2373 meiksidnu

463 2418 492 2476 5.
513 2417 679 2476 rannessa
974 2415 1003 2476 6.
1025 2416 1175 2494 kpieierru

459 2518 488 2577 7.
512 2519 644 2596 okaytoe
975 2515 1004 2576 8.
1026 2517 1160 2580 oueiolle

459 2615 489 2677 9.
509 2617 673 2677 beaetelrai
731 2644 739 2657 ·
952 2619 1209 2681 tarsumenno

442 2717 489 2777 11.
511 2720 718 2778 beaeauenae
954 2717 1002 2777 12.
1024 2719 1156 2791 toogborr

440 2820 489 2881 13.
512 2819 693 2899 oflllypiteu
953 2823 1001 2880 14.
1025 2821 1233 2896 ψείοοοοὶοεγ

441 2923 490 2981 15.
514 2923 651 2983 eebeoiei
950 2922 998 2982 16.
1021 2922 1310 2985 aontootimmstaua

440 3025 488 3083 17.
510 3025 618 3084 kibiou
951 3022 1000 3083 18.
1024 3032 1138 3103 aytoye

252 3129 368 3188 Ultima
392 3125 516 3206 quidem
537 3127 635 3196 linea,
659 3144 775 3182 summa
796 3124 827 3181 in
848 3127 962 3204 pagina
984 3128 1097 3205 scripta
1118 3125 1275 3184 oculorum
1290 3116 1371 3183 aciem

252 3231 317 3287 fere
341 3229 487 3285 frustrata
514 3211 577 3300 est;
604 3223 659 3282 sed
686 3224 741 3282 hos
768 3234 870 3284 tamen
894 3226 1051 3286 literarum
1079 3227 1187 3286 duetus
1216 3247 1291 3286 vere
1314 3222 1371 3282 mihi

252 3330 367 3389 eruisse
387 3326 504 3385 videor.
547 3326 662 3402 Verum
680 3324 814 3384 nondum
837 3330 1006 3408 scripturae
1032 3337 1077 3388 tot
1094 3328 1186 3402 vitia,
1208 3337 1292 3386 totve
1314 3345 1369 3384 eon·

251 3432 386 3490 fusiones
419 3426 661 3498 observavimus,
692 3446 784 3505 quam
810 3428 870 3487 hoe
901 3430 933 3487 in
962 3431 1042 3489 loeo.
1086 3427 1282 3507 Quapropter
1308 3428 1371 3484 haee

250 3533 342 3614 paulo
365 3528 536 3591 accuratius
558 3527 761 3587 examinanda
786 3540 869 3604 sunt,
898 3529 1070 3609 (brevitatis
1099 3549 1193 3590 eausa
1218 3530 1325 3609 cuique
1342 3525 1369 3583 li·

249 3657 328 3695 neae
350 3633 526 3695 dimidiatae
547 3650 690 3689 numeros
719 3633 969 3711 praeposuimus,
999 3633 1038 3692 ad
1067 3652 1142 3713 quos
1170 3651 1252 3690 nune
1279 3626 1370 3689 ordine

251 3758 304 3796 eas
325 3730 545 3810 tractabimus).
1070 3715 1073 3720 ’

338 3834 365 3892 1.
389 3834 555 3895 διστοιστον
575 3833 605 3890 h.
637 3853 665 3890 e.
691 3825 867 3910 δόσττιστον,
892 3843 965 3893 nota
993 3834 1173 3895 eonfrrsione
1198 3833 1371 3892 literarums

252 3947 282 3998 et
303 3961 333 4013 ο,
358 3945 389 3995 et
409 3956 425 3994 τ
447 3944 478 3994 et
495 3954 532 4011 ττ;
555 3933 691 3994 abundat
712 3955 786 3993 vero
807 3957 830 4012 y
851 3945 921 4015 post
940 3945 962 3994 t.
1219 3938 1222 3943 “

336 4035 365 4094 2.
388 4038 439 4116 τλρ
458 4057 534 4095 οιτον
552 4036 582 4094 h.
607 4057 633 4095 e.
655 4025 713 4114 γὰρ
734 4027 825 4094 ilaus.
869 4037 950 4096 Nam
971 4046 984 4096 t
1007 4044 1037 4095 et
1054 4046 1143 4116 proy
1162 4044 1192 4096 et
1212 4056 1267 4113 pro
1288 4053 1309 4090 π
1326 4050 1367 4110 po·

251 4141 341 4197 situm
362 4146 424 4210 est,
445 4145 475 4198 et
496 4149 532 4210 ll,
552 4146 585 4196 ut
606 4139 743 4216 saepius,
759 4159 813 4217 pro
836 4160 873 4208 ας
891 4140 957 4215 jam
976 4137 1086 4197 desunt
1103 4136 1223 4196 mediae
1240 4153 1328 4193 voees
1345 4130 1369 4186 iu

251 4258 342 4296 versu
363 4240 459 4317 primo
482 4240 645 4298 Laetantii.
691 4239 754 4298 Sed
776 4240 866 4299 finem
895 4246 925 4299 et
952 4247 1049 4297 totum
1071 4237 1238 4297 seeundum
1263 4249 1369 4295 versum

252 4346 375 4395 servant
396 4339 507 4398 lineae.

338 4433 367 4492 3.
384 4436 413 4492 4.
430 4436 459 4517 5.
476 4437 505 4495 6.
526 4440 554 4494 7.
575 4461 689 4497 -ταν
708 4439 766 4516 ηδη
785 4456 886 4517 κοσμει
908 4461 959 4516 κηι
978 4443 1120 4515 θνητωνν
1142 4441 1216 4516 aida
1233 4453 1324 4517 κρισις
1340 4452 1370 4507 ov
