2884 5184
246 410 285 470 10
570 420 759 480 oururus
782 420 1044 468 surausaus.

242 588 319 666 είθος
348 596 493 672 conjungi
515 595 627 674 possit,
662 595 827 655 contortior
854 603 958 654 tamen
980 595 1058 654 haee
1081 603 1129 655 est
1152 596 1249 668 ratio,
1291 615 1398 676 quam

242 706 276 755 ut
296 697 428 776 placeat.

242 821 272 859 v.
301 796 371 859 136.
406 794 507 876 θέλγει
527 792 566 856 έν
583 760 726 875 λεχέεσσιν
746 787 824 873 diora
845 791 1021 874 έπικέριομα
1040 789 1149 874 βάζων.

241 901 330 960 metri
351 900 451 978 gratia
470 898 635 979 legendam
655 894 757 977 θέλγει
777 893 834 956 ένί
855 917 883 956 κ.
904 918 930 957 τ.
952 899 979 955 λ.

241 1023 271 1059 v.
293 998 364 1061 168.
781 993 857 1070 ἵζετο
877 985 908 1056 δ’
927 995 1010 1081 imp

411 1087 494 1162 καλῷ
518 1078 545 1144 τ’
566 1074 709 1166 όιιντότρι
736 1103 783 1158 τε,
803 1072 856 1141 τόν
872 1080 904 1141 οἱ
921 1074 1026 1159 ἄλοχος
1048 1081 1161 1160 Βορέαο

406 1179 524 1247 ὤπασεν
539 1175 699 1266 Ὠρείθυια
718 1177 833 1263 πόρος,
851 1178 1008 1266 Θρῄκηνδε
1027 1186 1178 1261 κιοῦσα,

407 1287 530 1361 ξείνων·

241 1391 333 1449 Dona
359 1389 524 1468 hospitalia
544 1411 606 1450 non
627 1388 701 1449 dant
719 1389 759 1460 ii,
789 1388 842 1467 qui
862 1386 966 1465 aliquo
990 1388 1135 1460 veniunt,
1166 1388 1221 1447 sed
1245 1391 1309 1470 qui
1336 1392 1396 1449 ali-

242 1511 332 1570 quem
361 1491 494 1570 hospitio
527 1493 695 1571 recipiunt3
733 1510 835 1570 neque
869 1506 1004 1568 unquam
1033 1487 1191 1567 Orithyia,
1225 1491 1399 1551 Thraciae
1435 1490 1436 1493 ’

241 1593 360 1663 incola,
384 1594 416 1651 in
430 1593 595 1652 Thraciam
621 1592 661 1651 ad
677 1592 907 1650 Penthesileam
921 1590 1045 1649 venisse
1060 1589 1121 1648 dioi
1135 1600 1248 1669 potest.
1301 1594 1397 1670 Lege
1435 1618 1436 1621 ¹

242 1685 398 1770 Θρῄκηνδε
418 1687 564 1774 κιοόσγ.
600 1693 731 1751 Versum
752 1690 988 1770 praecedentem
1016 1690 1190 1750 emendavit
1202 1692 1277 1768 jam
1307 1695 1393 1752 Her·

241 1812 369 1850 mannus
392 1793 424 1850 in
447 1791 590 1871 Orphieis
611 1812 682 1871 pag.
707 1790 779 1852 783.

240 1915 270 1951 v.
296 1892 364 1952 179.
405 1880 476 1972 ἡδ’
499 1889 561 1968 οἴη
585 1888 739 1969 Τριτωνὶς,
758 1881 802 1953 ὅτ’
825 1884 939 1968 ἤλυθεν
960 1881 1036 1948 άντα
1054 1881 1222 1967 Γιγάντων,

404 1981 426 2071 ἢ
437 1986 522 2073 Ἔρις
541 1983 764 2070 έγρεκόθοιμος,
786 1980 846 2052 άνά
868 1981 991 2072 στρατὸν
1012 1979 1179 2066 άΐσσουσα,

406 2093 470 2171 τοίη
492 2089 535 2153 tvi
555 2084 684 2173 Τρώεσσι
703 2084 764 2171 θοὴ
782 2089 850 2151 πέλε
867 2089 1075 2153 Πενθεσίλεια.

241 2195 454 2255 Rhodomanni
477 2194 569 2255 editio
592 2180 644 2271 ἥδ’
667 2191 716 2271 οἴη
736 2189 878 2273 Τριτωνὶς
897 2193 1001 2253 habet.
1036 2194 1123 2272 Lege
1145 2190 1203 2270 οἴη
1226 2183 1294 2272 d’s'i
1322 2202 1393 2276 Τρι-

241 2296 335 2366 τωνίς.
379 2297 539 2357 Itaoismus
558 2317 692 2356 errorem
714 2296 844 2376 peperit.

240 2420 269 2456 v.
293 2396 366 2457 256.
405 2400 441 2479 τῇ
457 2394 511 2474 μέν
532 2389 581 2476 ἱέρ’
605 2393 633 2468 ές
655 2395 782 2476 κραδίην
800 2386 906 2467 ἐλάσας
924 2385 1035 2475 δόρυ,
1059 2396 1095 2477 τῇ
1117 2383 1147 2453 θ’
1162 2384 1223 2454 ὑπὸ
1245 2388 1357 2474 νηδὺν

407 2493 605 2577 φάσγανον
624 2494 797 2576 ἐγχρίμψας.
1434 2570 1435 2587 ¹

237 2600 410 2677 Perpetuus
425 2605 584 2677 poetarum
599 2619 673 2657 usus
687 2597 844 2677 postulare
867 2596 989 2656 videtur
1007 2595 1099 2675 δορί.
1138 2597 1202 2657 Sed
1218 2590 1393 2677 φάσγανον
1434 2596 1435 2639 ³

240 2708 321 2758 stare
343 2708 461 2778 potest,
492 2701 530 2759 of.
554 2699 677 2759 Ruhnk.
701 2699 742 2758 ad
762 2699 841 2758 Tim.
863 2700 942 2760 Lex.
965 2721 996 2779 p.
1024 2697 1093 2759 105.
1119 2698 1187 2759 106.
1228 2702 1391 2763 Praefers

239 2810 342 2860 tamen
364 2801 417 2861 vel
440 2802 484 2860 sio
507 2793 701 2883 φασγάνῳ.

237 2924 268 2961 v.
291 2900 363 2962 352.
400 2891 468 2974 τοὺς
488 2894 519 2962 δ’
542 2895 602 2981 άρα
628 2894 735 2981 Τρόϊοι
755 2900 857 2977 ἵπποι,
880 2893 1070 2979 ἐπεσσύμενοι
1087 2897 1283 2978 μετόπισθεν,
1432 2942 1435 3046 p

403 2997 511 3065 όντλον
532 2997 626 3079 ὅπως,
649 3001 816 3082 στείβεσκον
837 2994 914 3080 ὁμοῦ
932 3001 1102 3081 κταμένοισι
1120 2995 1320 3078 πεσόντας.
1432 3050 1433 3085 ,

238 3106 324 3183 Lege
341 3097 531 3178 πεσόντες,
557 3105 656 3185 quod,
679 3113 713 3163 ut
733 3125 814 3164 nuno
834 3104 942 3178 video,
968 3107 1001 3164 iu
1021 3106 1177 3185 impressis
1197 3106 1272 3179 fuit,
1299 3110 1387 3168 male

239 3225 257 3262 a
278 3206 501 3264 Rhodomanno
523 3214 679 3264 mutatum.
1431 3198 1434 3289 Ι

239 3326 270 3363 v.
287 3302 359 3362 369.
376 3302 447 3364 370.
880 3304 932 3364 καί
950 3328 1003 3381 μιν
1024 3296 1080 3365 ita

446 3394 574 3481 σήμερον
591 3400 747 3485 Ἀργείοισι
766 3397 862 3481 φόνον
881 3400 1036 3466 στονόεντα
1060 3402 1207 3485 βαλέσθαι

445 3498 520 3583 νῆάς
540 3494 567 3564 τ’
588 3500 749 3586 ἐμπρήσειν
771 3494 849 3586 ὀλοῷ
867 3505 958 3586 πυρί,
981 3510 1049 3590 τῇσι
1069 3499 1219 3585 πάροιθεν

445 3601 564 3686 ἤλυθον
583 3604 612 3679 ές
634 3608 761 3688 Τροίην,
783 3610 858 3667 νῶϊν
878 3597 959 3668 κακά
979 3603 1075 3669 πολλὰ
1096 3606 1250 3687 φέροντες,

446 3701 565 3787 ἤλυθον
582 3702 703 3788 ἄσχετον
725 3701 819 3786 άμμιν
840 3698 889 3768 ἐπ’
902 3701 987 3789 ”Apri
1003 3713 1087 3788 πῆμα
1105 3708 1251 3789 φέροντες.

109 3866 115 3874 .
234 3812 396 3893 Ejusmodi
410 3811 553 3892 repetitio
569 3812 607 3871 ab
623 3812 747 3890 ingenio
763 3808 872 3888 Quinti
897 3810 1050 3871 abhorret.
1086 3813 1244 3872 Alteruter
1268 3835 1384 3876 versus

235 3914 384 3974 delendus
415 3921 469 3973 est.
514 3913 592 3973 Mihi
615 3922 678 3974 tum
699 3922 824 3993 propter
845 3915 919 3972 νῶϊν
945 3912 1041 3993 (quod
1063 3915 1107 3973 sio
1128 3935 1184 3993 pro
1211 3904 1286 3991 ἡμῖν
1311 3938 1382 3978 sae·

234 4017 302 4093 pius
343 4014 476 4092 Quintus
510 4017 690 4093 usurpavit,
734 4016 774 4088 1,
807 4013 879 4075 213.
911 4013 983 4074 725.
1020 4012 1061 4088 2,
1088 4012 1138 4074 88.
1176 4013 1211 4088 6,
1240 4016 1317 4075 444.
1352 4017 1383 4091 8,

234 4113 308 4173 452.
336 4113 372 4188 9,
402 4114 475 4174 495.
506 4114 561 4189 10,
590 4113 696 4195 31.*),
726 4125 790 4176 tum
816 4126 941 4199 propter
967 4109 1127 4195 έπ”Ἀρεϊ,
1156 4114 1240 4199 quod
1268 4120 1384 4179 saltem

303 4279 330 4346 ⁸¹⁸)
348 4282 474 4331 Ceterum
491 4282 602 4332 unicum
616 4283 669 4334 hoo
686 4285 838 4351 exemplum
854 4286 935 4349 novi,
956 4287 1029 4351 quod
1047 4286 1158 4352 regulae
1177 4303 1193 4337 a
1208 4289 1383 4340 Buttmanno

232 4363 281 4415 Gr.
300 4365 376 4416 uber.
396 4370 421 4429 ξ.
437 4367 480 4417 33.
495 4383 520 4416 a.
538 4366 563 4416 1.
582 4370 741 4434 propositae
760 4373 933 4438 adversetur,
950 4373 1070 4424 Graecos
1090 4389 1145 4423 non
1158 4373 1214 4423 nisi
1231 4373 1381 4425 verborum

235 4454 263 4500 et
280 4451 485 4514 participiorum
501 4452 609 4503 dualem
627 4470 676 4519 pro
696 4457 796 4522 plurali
813 4459 951 4523 posuisse.
