2884 5184
218 445 259 505 22
545 455 732 515 omarus
756 451 1021 501 euremarus,

104 712 107 715 1
220 654 251 692 v.
276 629 345 690 195.
384 620 453 700 τοὺς
481 621 510 688 δ’
542 629 610 707 (Se.
632 628 764 707 Ajacem
786 636 817 688 et
834 628 1004 701 Teucrum,
1034 594 1124 688 eursu
1147 627 1369 707 certaturos,)
1420 716 1421 719 ρ

635 727 695 810 ἔρις
718 720 901 809 ὀτρύνεσκεν
918 721 1119 806 ἀκήρατος.

220 834 310 912 Quae
334 834 374 893 sit
394 829 454 911 ἔρις
471 820 620 912 ἀκήρατος
641 832 762 891 nescire
784 851 832 890 me
852 832 961 890 fateor.
1006 832 1156 892 Vertunt:
1183 849 1315 907 „eosque
1337 836 1373 890 lis

218 943 364 995 oenone
388 937 523 1010 impulit“
568 933 632 993 Sed
652 922 802 1011 ἀκήρατος
822 932 920 991 solum
943 951 1000 1011 per
1021 953 1072 1005 se,
1101 934 1162 993 nisi
1182 934 1237 992 ubi
1264 955 1310 994 ex
1335 954 1373 993 re

220 1040 288 1119 ipsa
315 1045 368 1096 aut
393 1044 519 1117 propter
544 1035 649 1095 addita
679 1036 742 1094 alia
768 1034 922 1095 voeabula
948 1035 1102 1094 sententia
1128 1035 1188 1094 hoe
1209 1036 1373 1115 postulat,

220 1147 394 1199 incruentum
415 1138 589 1215 significare
610 1157 671 1197 non
692 1146 804 1217 potest.
826 1125 976 1217 ἀκήρατος
996 1137 1092 1209 enim,
1120 1123 1314 1217 ἀκηράσιος,
1343 1146 1375 1196 et

221 1231 374 1321 ἀκέραιος,
397 1238 479 1320 quod
498 1238 636 1318 ejusdem
657 1240 784 1318 originis
807 1248 869 1313 est,
891 1239 1029 1321 quamvis
1050 1239 1140 1299 aliter
1156 1240 1278 1299 sentiat
1293 1240 1374 1299 Rie-

221 1364 286 1403 mer
305 1343 336 1402 in
355 1342 433 1402 Lex.
457 1362 480 1400 s.
500 1362 530 1399 v.
553 1328 716 1421 ἀκήρατος,
745 1341 806 1401 (1ίοί
828 1341 868 1402 de
888 1341 1042 1415 omnibus,
1066 1362 1147 1423 quae
1165 1362 1229 1401 non
1254 1342 1373 1414 mixta,

222 1447 357 1518 sincera,
379 1463 470 1523 pura,
494 1443 609 1501 intaeta
624 1453 655 1502 et
671 1445 852 1503 intaminata
870 1445 946 1517 sint,
969 1444 1037 1524 quis
1053 1444 1175 1503 nescit?
1195 1447 1280 1502 Tim.
1297 1448 1374 1503 Lea.

216 1569 249 1623 p.
268 1547 315 1605 17.
332 1537 491 1627 ἀκήρατοι,
513 1542 659 1623 καθαροί,
680 1546 734 1606 ubi
750 1546 788 1605 of.
807 1544 1042 1618 Ruhnkenium,
1064 1546 1144 1605 inter
1159 1547 1240 1607 alios
1262 1548 1374 1607 loeum

222 1652 376 1724 Porphyrii
395 1651 429 1706 de
450 1648 518 1704 obst.
541 1652 627 1705 onim.
648 1651 667 1704 1.
689 1649 719 1707 4.
739 1669 807 1725 μορ.
828 1647 887 1706 174
909 1648 1101 1710 afferentem:
1123 1637 1193 1725 ήάὲ
1210 1638 1375 1724 συνήθεια

222 1740 299 1828 λέγει
314 1742 347 1808 τὸ
368 1742 493 1825 ἄμικτον
514 1743 565 1806 κα1
587 1742 727 1828 καθαρὸν
747 1745 798 1808 καὶ
816 1741 976 1831 ἀφθαρτον
997 1745 1049 1808 καὶ
1065 1738 1231 1829 ἀκραιφνὲς
1246 1737 1373 1828 ἀκήρα-

223 1872 284 1910 τον.
314 1849 396 1909 Add.
426 1849 575 1929 exemplis
604 1851 782 1910 Ruhnkenii
809 1852 901 1912 haee:
938 1842 1019 1923 οἶνος
1049 1838 1212 1929 ἀκηράσιος
1242 1854 1372 1912 Homer.

225 1955 323 2027 odyss,
347 1948 384 2023 9,
413 1948 485 2009 205.
514 1956 643 2029 Apellea.
669 1954 762 2012 Rhod.
785 1949 818 2024 2,
851 1951 941 2012 1274.
970 1944 1052 2029 ὕδωρ
1085 1940 1237 2033 ἀκήρατον
1280 1956 1372 2012 Iliad.

225 2052 281 2127 24,
305 2052 377 2113 303.
409 2044 527 2133 σμύρνη
545 2041 694 2135 ἀκήρατος
714 2056 848 2114 Herodot.
873 2051 906 2128 2,
935 2053 985 2115 86.
1016 2042 1070 2125 dte
1090 2041 1240 2132 ἀκήρατος
1271 2059 1374 2114 Νοκα.

223 2161 338 2233 Dionys.
360 2152 415 2230 22,
440 2176 512 2236 pag.
536 2153 611 2228 600,
643 2153 690 2213 11.
735 2154 840 2236 Atque
865 2154 943 2215 haec
971 2156 1094 2236 quidem
1116 2157 1241 2236 propria
1270 2158 1372 2235 signi-

223 2259 381 2332 ficatione,
419 2277 498 2339 quae
532 2257 570 2317 de
604 2266 706 2336 etymo
737 2257 853 2316 nullum
888 2255 1011 2317 dubium
1042 2259 1230 2339 relinquunt.
1282 2259 1374 2318 Hine

223 2362 373 2421 translata
392 2371 439 2421 est
456 2381 519 2419 vox
534 2358 707 2433 adomnia,
731 2380 810 2440 quae
826 2378 903 2440 pura
919 2369 950 2421 et
964 2360 1145 2419 intaminata
1164 2367 1253 2436 sunt3
1281 2361 1375 2420 locos

223 2463 351 2523 Homeri
373 2471 404 2522 et
417 2460 574 2541 Euripidis
596 2462 815 2538 praeterimus,
835 2482 874 2521 ne
899 2480 938 2521 ex
960 2458 1111 2520 indicibus
1127 2479 1236 2541 sapere
1253 2461 1373 2522 videa-

224 2584 306 2639 mur;
337 2562 471 2621 contenti
489 2561 555 2619 solo
579 2562 721 2639 exemplo
745 2553 825 2638 λέχος
847 2551 999 2643 ἀκήρατον
1018 2565 1149 2638 Euripid.
1173 2565 1267 2623 Oreat.
1293 2564 1374 2641 568,

225 2684 281 2744 pro
311 2684 371 2745 quo
395 2649 535 2741 ἀκέραιον
555 2650 635 2738 λέχος
657 2661 736 2723 dixit
756 2667 792 2723 id.
815 2666 914 2723 Helen.
938 2661 988 2722 48.
1013 2673 1044 2723 et
1065 2653 1217 2743 ἀκήρατον
1238 2657 1375 2746 λέκτρον

224 2768 353 2840 Apollon.
377 2765 468 2823 eoos.
490 2760 525 2836 2,
555 2759 627 2821 502.
657 2786 696 2826 ne
724 2753 863 2849 ἀκέραιος
883 2774 914 2826 et
936 2753 1083 2842 ἀκήρατος
1109 2767 1276 2848 quisquam
1299 2789 1374 2828 eum

225 2867 368 2926 Riemero
392 2864 514 2926 diversa
536 2874 669 2942 statuat,
702 2868 746 2926 sio
769 2865 855 2946 μίτρη
873 2858 1018 2946 ἀχραντος
1035 2861 1086 2924 καὶ
1105 2859 1254 2944 ἀκήρατος
1277 2872 1373 2943 Apol-

225 2975 281 3030 loa.
300 2971 393 3029 Rhod.
414 2966 451 3041 4,
475 2965 565 3026 1025.
604 2969 749 3027 Proxime
772 2966 811 3026 ad
828 2969 955 3048 primam
971 2968 1224 3047 significationem
1240 2971 1373 3029 aceedit

224 3074 285 3152 ττῦρ
307 3060 458 3152 ἀκήρατον
479 3073 571 3141 Quint.
592 3073 705 3147 Smyrn.
724 3069 761 3142 4,
786 3067 854 3128 138.
878 3070 1045 3144 Intaotum,
1067 3070 1218 3129 illibatum
1234 3071 1374 3147 λειμῶνα
1416 3094 1417 3133 ;

221 3175 287 3251 jam
308 3172 461 3229 Homerus
491 3160 656 3248 ἀκηράσιον
684 3171 776 3245 dixit,
805 3174 909 3248 Hymn.
940 3177 968 3230 in
990 3175 1115 3231 Mereor.
1139 3169 1207 3245 72,
1236 3180 1274 3231 ut
1298 3182 1372 3252 post
1416 3160 1417 3163 Ἴ

227 3294 296 3333 eum
309 3270 489 3350 Euripidae,
514 3279 544 3328 et
558 3272 776 3332 recentissimis
798 3275 985 3354 temporibus
1004 3265 1101 3332 ἀνθεα
1115 3262 1252 3352 ἀκήρατα
1284 3277 1371 3333 Μακ.

226 3375 301 3431 Phil.
316 3390 405 3429 eorm.
423 3369 460 3446 5,
485 3369 556 3429 307.
573 3392 640 3448 μορ.
661 3372 729 3433 166.
749 3366 883 3453 κτήματα
897 3366 1049 3455 ἀκήρατα,
1072 3384 1103 3436 et
1117 3367 1198 3446 οἶκος
1212 3363 1372 3457 ἀκήρατος

225 3473 354 3532 Homeri
379 3470 496 3532 indices
527 3474 728 3553 praebebunt.
766 3466 911 3554 φάρμακα
938 3466 1074 3558 ἀκήρατα
1105 3475 1199 3536 habet
1232 3479 1371 3553 Apollon.

226 3577 320 3634 Rhod.
347 3575 381 3647 4,
414 3571 483 3631 157.
528 3575 608 3635 Turn
638 3597 657 3635 a
685 3580 839 3658 corporeis
868 3582 960 3640 rebus
991 3578 1031 3637 ad
1059 3579 1191 3637 animum
1211 3581 1372 3640 translata

227 3687 274 3739 est
295 3698 367 3736 vox.
413 3675 483 3755 Qua
502 3679 622 3738 ratione
644 3700 662 3737 a
684 3682 809 3760 propria
832 3682 1055 3759 significatione
1074 3681 1105 3739 in
1128 3680 1208 3739 hane
1229 3682 1371 3740 transla-

225 3792 289 3841 tam
315 3781 429 3840 inflexa
458 3781 511 3853 sit,
546 3789 694 3840 monstrat
719 3771 736 3842 ὁ
765 3771 912 3862 ἀκήρατος
939 3776 1048 3859 κόσμος
1075 3782 1126 3859 τῆς
1152 3781 1250 3858 ψυχῆς
1283 3784 1373 3862 apud

226 3889 345 3944 Lasion.
370 3885 463 3941 Some.
487 3901 511 3942 ο.
534 3881 582 3941 ld.
628 3880 679 3940 Ad
700 3884 855 3963 propriam
878 3884 1131 3962 significationem
1156 3884 1267 3944 alludit
1291 3906 1371 3967 quo·

227 4006 287 4066 que
309 3971 460 4061 ἀκήρατον
480 3973 512 4042 τὸ
534 3986 621 4042 θεῖον
641 3988 677 4044 id.
700 3987 865 4044 Her-metim·
885 4006 908 4044 c.
934 3984 981 4043 10.
1027 3985 1091 4045 Sed
1109 4007 1192 4045 mere
1214 3989 1373 4048 translata

227 4094 298 4144 sunt
319 4082 503 4143 Mithridatis
529 4072 670 4163 ἀκέραιον
697 4079 838 4167 φρόνημα
863 4086 946 4168 apud
967 4090 1050 4145 Dion.
1073 4089 1150 4147 Coss.
1173 4092 1192 4147 l.
1216 4086 1267 4146 37.
1296 4111 1372 4166 pop.

229 4183 279 4243 38.
312 4187 345 4268 Ι0,
381 4186 494 4260 Steph„
533 4175 680 4270 ἀκήρατος
712 4181 803 4261 stede
844 4193 933 4261 Quint.
965 4191 1079 4264 Smyro.
1112 4189 1166 4263 14,
1197 4188 1247 4248 55.
1288 4176 1375 4271 ᾆσμα
1414 4188 1415 4225 4

228 4261 379 4362 ἀκήρατον
410 4288 492 4343 com.
530 4290 612 4345 Alex.
654 4310 725 4365 μορ.
757 4290 787 4350 4.
828 4279 975 4369 ἀκήρατος
1014 4278 1100 4348 odoia
1135 4295 1173 4349 id.
1213 4312 1285 4366 μσς.
1317 4292 1373 4357 50.

228 4374 375 4459 ἀκήρατος
408 4378 459 4442 καὶ
484 4381 590 4462 ζοιτική
615 4383 696 4467 πηγή
726 4395 762 4450 id.
791 4412 859 4467 μορ.
889 4390 939 4450 75.
968 4380 1118 4471 ἀκήρατος
1147 4383 1296 4470 ὑποθήκη
1329 4400 1370 4452 id.

222 4501 291 4556 μσς.
313 4479 363 4538 98.
388 4491 418 4542 et
440 4485 530 4558 alibi3
563 4506 634 4547 nam
655 4493 706 4549 hie
725 4494 854 4570 scriptor
876 4495 1043 4573 praecipue
1069 4493 1128 4552 sibi
1149 4493 1183 4552 in
1204 4495 1263 4554 hae
1287 4516 1370 4557 voee
