2884 5184
302 501 413 548 saun
437 501 715 550 nscrsurrun
740 504 882 550 onvrl.
1113 493 1155 553 67

96 663 215 750 σάρκας
238 667 300 751 γάρ
320 695 350 732 τε
370 671 422 734 καί
442 665 528 736 όστία
549 667 708 751 μυελόεντα
729 675 856 736 καίουσι.

27 773 156 832 δαίεταοι
178 784 216 832 ut
240 774 283 833 ad
305 775 446 855 Sibyllae
469 796 578 835 versus
600 776 742 850 redeam,
770 769 973 865 παντοτρόφος
993 780 1153 856 vulgarem
1168 795 1193 834 ar

27 868 253 955 sollennemque
277 879 504 956 compositionis
525 898 662 937 normam
684 879 839 958 sequitur,
870 886 903 936 ut
924 886 956 937 et
973 873 1152 958 παντρόφος.

27 975 64 1031 ln
83 995 209 1056 quoque
232 971 442 1056 παντατρόφος
459 976 587 1038 Graecis
610 978 714 1038 dicere
728 979 866 1052 licuerit,
885 977 979 1037 valde
995 979 1152 1041 addubito.

27 1073 101 1151 Quae
127 1095 147 1133 a
168 1075 406 1156 lexicographis
429 1079 597 1139 afferuntur
617 1081 778 1159 exempla,
810 1069 1015 1156 πανταεθνῆς,
1040 1076 1153 1139 παντά-

28 1196 124 1253 ιορφος
145 1186 177 1236 et
200 1170 412 1254 πανταφόβος,
437 1199 475 1237 ea
496 1183 598 1240 omnia
619 1190 673 1240 aut
696 1181 789 1240 dubia
811 1190 863 1240 aut
886 1190 1028 1260 corrupta
1045 1182 1151 1240 viden-

27 1296 71 1334 ur.
112 1271 177 1336 Sed
199 1280 299 1338 liceat
320 1279 408 1338 nobis
426 1279 485 1338 hac
507 1281 612 1340 oblata
634 1283 797 1342 occasione
819 1284 989 1342 lexicorum
1012 1282 1152 1342 defectus

27 1397 47 1434 n
65 1378 191 1438 vocibus
218 1380 260 1438 ab
282 1380 341 1439 hoc
362 1380 517 1459 adjectivo
537 1381 774 1461 incipientibus,
804 1392 953 1464 quotquot
970 1404 1026 1442 nos
1048 1384 1151 1444 obser·

27 1480 165 1553 ravimus,
189 1481 355 1560 supplere:

96 1574 423 1659 τιαμμακάριστος
442 1604 504 1642 non
522 1584 620 1643 solum
642 1583 811 1642 Phavorini
835 1593 895 1657 est,
922 1582 979 1643 sed
999 1583 1153 1662 Hesychii

27 1683 76 1752 jam
95 1702 119 1740 s.
141 1704 172 1741 v.
193 1677 369 1763 πανόλβιος.

96 1782 366 1864 παμμέγιστος.
388 1785 511 1845 Aelian.
532 1785 572 1845 V.
594 1785 636 1843 H.
661 1784 714 1858 10,
741 1783 769 1844 2.

96 1882 324 1962 ττάμμεδέιον
358 1906 377 1945 a
410 1884 600 1961 Schneidero
634 1885 844 1945 addubitatum
876 1887 1000 1945 Riemer
1040 1884 1149 1943 omisit.

27 1980 153 2045 Occurrit
174 1988 209 2045 in
230 1988 432 2067 inscriptione
451 1988 558 2066 templi
573 1987 605 2045 S.
622 1985 740 2064 Sergii,
763 2007 854 2066 quam
875 2007 915 2046 ex
935 1986 1149 2064 manuscriptis

28 2082 171 2145 Vaticanis
196 2087 356 2147 codicibus
381 2088 466 2147 dedit
480 2088 643 2147 Alemann.
667 2086 706 2146 ad
723 2087 854 2166 Procop.
876 2107 947 2166 pag.
962 2085 1018 2158 48,
1045 2106 1148 2165 quam-

27 2204 107 2261 quea
121 2189 347 2248 recentioribus
363 2188 570 2266 Anthologiae
584 2188 753 2248 editoribus
768 2187 924 2246 Brunckio
940 2187 962 2246 J
964 2186 1150 2266 ecobsioque

28 2287 154 2348 omissam
176 2291 227 2350 hic
251 2299 394 2370 repetere
412 2311 475 2349 non
495 2288 692 2367 injucundum
713 2288 780 2344 fore
802 2289 1006 2365 speravimus:

100 2381 182 2449 άλλοι
202 2388 261 2468 μὲν
281 2392 418 2468 βασιλῆες
437 2383 610 2467 ἐτιμήσαντο
631 2380 783 2458 θανόντας

101 2480 222 2571 άνὲρας,
247 2477 292 2550 οἷν
312 2484 438 2569 άνόῆτος
459 2489 512 2570 ἔην
531 2482 636 2561 πόνος·
660 2481 798 2568 ῆμὲτερος
820 2482 853 2546 δὲ

102 2580 236 2669 εὖσεβίην
258 2595 440 2671 σκηπτοῦχος
458 2580 668 2660 Ἰονστινιανδς
689 2578 784 2663 άέξων

101 2687 227 2770 Σίργιον
249 2686 399 2771 αίγλῆεντι
418 2688 500 2777 δόμῳ
523 2683 696 2770 θεράποντα
716 2690 845 2769 γεραίρει

67 2786 82 2843 5
98 2792 226 2868 Χριστοῦ
247 2791 549 2872 παμμεδίοντος,
568 2781 604 2850 δν
622 2780 658 2849 οὗ
675 2782 775 2868 τορὸς.
789 2779 879 2866 άτμδς
901 2778 1057 2859 άνάτττων,

102 2882 136 2949 οὗ
157 2890 260 2972 ξίφος,
283 2885 336 2973 οόχ
358 2891 440 2975 ἑτέρη
463 2883 606 2972 βασάνων
627 2884 765 2970 ἐτάραξεν
786 2879 922 2967 άνάγιιῆ,

103 2980 175 3053 diti
196 2999 274 3056 θεοῦ
296 2993 431 3072 τίτλῆκεν
450 2986 524 3073 ὑπὲρ
544 2995 686 3072 Χριστοῖο
709 2991 839 3068 δαμῆναι

104 3091 203 3170 αἵματι
225 3095 391 3175 κερδαίνων
413 3092 506 3172 δόμον
524 3083 664 3174 οάρανοῦ.
702 3081 783 3151 ’All'
805 3085 849 3148 ἐνὶ
869 3090 942 3149 πᾶσι

105 3198 259 3276 κοιρανίην
278 3198 419 3275 βασιλῆος
441 3185 613 3271 άκοιμῆτοιο
630 3185 759 3268 φυλάξαι

55 3288 86 3349 ¹0
106 3294 154 3356 καί
175 3297 284 3376 κράτος
302 3285 436 3377 αὖξῆσειε
457 3292 632 3372 θεοστεφέος
655 3285 828 3372 Θεοδάρας,

106 3380 139 3473 ῆς
159 3393 228 3472 νόος
250 3387 368 3478 εόσεβίῆ
387 3388 595 3477 φαιδρύνεται,
613 3382 649 3473 ῆς
666 3389 757 3467 πόνος
779 3389 837 3452 αἰεί

107 3485 165 3558 adu
186 3494 319 3560 κτεάνων
337 3500 501 3580 θρεπτῆρες
518 3487 651 3571 άφειδίες
667 3493 747 3555 ἐίσὶν
768 3481 890 3571 άμῶνες.

37 3590 79 3650 ubi
97 3616 183 3660 versu
205 3601 235 3659 5.
254 3591 307 3661 τόν
327 3611 358 3662 et
378 3622 408 3660 v.
432 3598 492 3657 11.·
504 3587 569 3658 άνεί
589 3598 760 3675 legebatur.
790 3595 937 3654 Ultimum
952 3612 1074 3651 versum
1089 3611 1150 3649 non

38 3688 166 3776 intelligo.

108 3793 284 3879 πάμμουσος.
309 3801 421 3881 Sibyll.
443 3800 473 3858 5.
495 3821 526 3859 v.
553 3797 623 3856 140.

107 3897 281 3983 παμπάμων.
304 3902 469 3962 Ruhnken.
493 3899 533 3960 ad
552 3899 632 3959 Tim.
652 3914 724 3974 pag.
747 3891 819 3953 209.

108 3994 267 4080 ντάμπιστος
279 4013 310 4064 et
319 3993 494 4080 πάμπνστος
505 4000 598 4060 dubia
608 4005 688 4056 sunt.
706 3993 754 4054 Of.
764 3992 875 4072 Sibyll.
888 3994 917 4052 7.
932 4012 983 4051 vv.
994 3990 1063 4051 137.
1079 3987 1148 4048 154.
1165 4005 1191 4046 νο

108 4096 299 4179 πάμπλοατος.
323 4104 387 4164 Sib.
409 4102 439 4161 5.
457 4124 487 4162 v.
508 4100 581 4162 260.

110 4196 284 4280 ,πάμπολις,
311 4195 345 4275 δ,
372 4195 408 4280 l,
435 4197 541 4279 νόμος,
569 4206 599 4258 ia
620 4202 693 4257 olleo
715 4199 829 4255 sacten
848 4195 1029 4254 bercscbcnd.
1059 4193 1145 4265 Sopb.

42 4292 148 4369 Aatqon,
171 4304 246 4378 614,
275 4308 350 4364 ααοίι
375 4308 438 4361 dem
460 4305 551 4361 Schol.
577 4290 775 4376 ιταγκόσμιος,
806 4315 848 4354 τοο
867 4300 941 4369 jem
961 4294 1037 4351 nach
1054 4291 1148 4349 Ηθαίδ

42 4383 161 4467 'iltuto
181 4410 247 4466 sehr
271 4409 324 4465 ciel
346 4407 445 4464 stebt.“
491 4401 543 4460 Sic
572 4396 743 4459 Schneider
772 4384 814 4455 in‘
831 4395 939 4456 Lexic.
983 4392 1088 4474 Atque
1117 4392 1150 4450 in

42 4481 88 4549 ¹¹⁰0
100 4495 252 4580 Sophoclis
266 4508 344 4581 loco,
363 4501 515 4587 quomodo
530 4491 686 4579 ττάμττολις.
697 4519 765 4559 cnm
779 4490 868 4575 νόμος
883 4495 1027 4573 conjungi
1042 4493 1149 4572 possit,

841 4611 848 4623 ι
891 4596 940 4655 5*
