2884 5184
268 457 309 518 90
607 461 806 511 onlcuns
828 459 1064 509 oraremus

226 664 252 703 οι
271 640 440 719 exemplari
458 638 559 710 deest,
578 645 613 696 ut
634 638 694 696 iam
716 636 863 708 diximus,
886 635 1114 713 interpretatio,
1139 653 1239 713 neque
1270 654 1287 692 e
1313 635 1388 691 vesti-

268 745 327 822 giis
348 742 511 801 lectionem
533 758 642 798 eruere
662 738 721 798 hoo
747 737 816 796 loeo
844 755 973 809 neeesse
1002 742 1063 806 est,
1090 755 1159 793 curn
1185 736 1288 794 omnia
1312 735 1390 812 plana

269 847 344 920 sint3
373 840 497 901 tandem
523 858 597 898 vero
624 840 715 898 etiam
741 837 900 917 exemplar
927 844 1065 895 nostrum
1091 836 1213 914 plenius
1237 856 1321 895 nune
1346 844 1391 909 est,

269 944 352 1026 quod
373 943 417 1003 sio
435 943 536 1001 locum
557 940 684 1000 exhibet

541 1049 648 1100 ototefl
977 1038 1117 1115 kaitoyto

541 1142 715 1202 aabuteaoo
977 1139 1128 1198 aiciuons

539 1242 722 1321 rrapeioioae
978 1241 1138 1320 bpotoyos

541 1342 691 1421 §eikpioio
754 1402 759 1409 ,
978 1345 1143 1402 adanatoio

540 1446 700 1504 toioeueta
979 1445 1142 1524 anepioien

543 1545 720 1623 askaiapxn

271 1653 301 1711 h.
325 1673 352 1710 e.

437 1768 517 1808 orote
533 1771 553 1825 η
571 1767 622 1806 ναι
643 1767 729 1806 τουτο
750 1747 827 1825 λαβη
843 1749 923 1818 τελος
943 1765 1065 1826 αισιμον
1085 1771 1164 1828 ημαρ

438 1864 509 1919 εισις
530 1849 563 1908 δε
581 1848 704 1928 βρονονς
723 1851 783 1924 ηξει
806 1864 902 1927 κρισις
922 1853 1088 1910 αθανατοιο
1100 1893 1128 1908 ..
1146 1894 1153 1908 .

439 1991 592 2007 ........
604 1967 681 2019 rotor
702 1950 814 2026 μεγαλη
831 1962 927 2027 σρισις
946 1950 999 2027 ηδε
1022 1973 1074 2010 και
1094 1974 1179 2031 epm,

271 2053 324 2111 ubi
353 2052 385 2109 in
410 2066 483 2121 εισις
507 2072 563 2130 pro
593 2048 633 2121 εἰς
659 2050 740 2108 male
772 2048 852 2109 duae
880 2051 1006 2112 ultimae
1032 2055 1142 2114 literae
1168 2055 1300 2114 iteratae
1327 2060 1390 2122 sunt,

271 2174 350 2224 σοιος
370 2173 444 2213 vero
468 2153 605 2213 ultimam
626 2152 779 2231 syllabam
800 2151 886 2211 vocis
908 2140 1093 2233 ἇνθρολιιονς
1111 2162 1344 2235 repraesentare
1356 2154 1390 2209 vi·

272 2255 371 2316 detur.
414 2256 495 2315 Nam
518 2255 678 2335 quominus
703 2254 771 2334 quis
795 2254 966 2332 suspicetur
987 2274 1065 2328 τοιος
1093 2278 1148 2337 pro
1175 2258 1261 2315 θεοῖο
1280 2273 1389 2335 praeoe-

273 2357 414 2418 dentibus
435 2354 682 2434 ooniungendum
702 2374 786 2427 esse,
803 2354 872 2432 ipsa
888 2357 968 2415 ratio
989 2357 1144 2419 scribendi
1165 2357 1302 2437 impedit.
1325 2356 1391 2415 Nan

273 2458 454 2519 exciderunt
472 2457 596 2540 quidem
610 2457 734 2538 saepius
756 2457 880 2536 aliquae
899 2477 1008 2535 voees3
1025 2458 1082 2519 sed
1102 2480 1183 2541 quae
1202 2461 1234 2519 in
1251 2458 1391 2518 dimidiata

272 2561 356 2620 linea
387 2558 534 2638 deinceps
563 2559 677 2637 scripta
702 2558 913 2637 reperiuntur,
950 2580 988 2620 ea
1020 2581 1142 2642 qnoque
1173 2563 1206 2619 in
1238 2562 1390 2637 archetypo

274 2662 450 2743 continuata
470 2661 567 2719 fuisse
586 2678 715 2718 necesse
738 2667 793 2718 est.
839 2659 947 2721 Scribo
968 2663 1075 2743 itaque

438 2752 548 2821 ὁππότε
569 2752 607 2836 δὴ
629 2754 680 2819 καὶ
705 2761 791 2820 τοῦτο
812 2751 890 2843 λάβῃ
907 2758 988 2834 τέλος
1009 2760 1128 2839 αἴσιμον
1146 2745 1227 2842 ἦμαρ

438 2861 479 2934 εἰς
500 2858 533 2921 δὲ
553 2851 676 2942 βροτοὺς
697 2851 754 2944 bip
776 2860 843 2941 (pro
862 2854 937 2938 ἥξει)
958 2861 1052 2943 κρίσις
1071 2852 1239 2923 ἆθανοὶιοιο
1262 2862 1360 2944 [droia

439 2954 502 3042 ἥξει
524 2956 571 3023 ἔνι’
595 2952 790 3043 ἆνθρώ]πονς
811 2954 923 3042 μεγάλη
942 2962 1037 3044 κρίσις
1053 2953 1108 3041 ἠδὲ
1127 2960 1177 3023 καλ
1197 2954 1283 3044 ἀρχή.

627 3162 631 3169 ·
740 3145 837 3207 Ibid.
858 3145 888 3223 ξ.
913 3145 942 3207 3.

358 3267 483 3336 „Deinde
503 3268 583 3338 apud
601 3269 686 3323 ulium

438 3354 606 3444 ταριιὶρεονΙ
618 3361 650 3425 δὲ
670 3357 739 3444 χάος
757 3355 820 3426 τότε
841 3362 927 3438 δείξει
947 3367 1019 3443 γαῖα
1039 3367 1179 3443 χανοῦσα,

438 3454 561 3540 ἥξουσιν
581 3457 609 3524 δ’
630 3463 678 3527 ἐπὶ
697 3469 779 3547 βῆμα
796 3470 870 3528 θεοῦ
890 3467 1028 3546 βασιλῆες
1045 3458 1204 3541 ἅπαντας,“

272 3565 325 3624 nbi
353 3563 391 3638 Α,
419 3566 455 3638 Β,
480 3564 514 3639 0,
542 3568 572 3626 D
601 3569 681 3629 bene
708 3570 865 3648 βασιλῆος,
895 3568 1034 3648 quamvis
1062 3567 1275 3646 interpretatio
1302 3571 1342 3628 sio
1366 3587 1390 3626 se

271 3668 379 3741 habet,
413 3673 521 3727 veniem
547 3680 638 3729 autem
669 3675 708 3729 ud
736 3675 858 3730 tribunal
888 3674 933 3729 dei
962 3686 1042 3743 repes
1079 3666 1138 3746 (res
1168 3670 1206 3743 A,
1232 3670 1271 3749 0)
1301 3686 1413 3755 omues-3

273 3769 445 3830 Occurrunt
467 3791 575 3830 versus
597 3773 629 3831 in
653 3771 815 3851 Sibyllinis
840 3770 869 3832 8.
899 3793 929 3829 v.
959 3767 1030 3828 241.
1056 3791 1102 3852 sq,
1130 3773 1162 3830 in
1188 3773 1296 3833 eodem
1322 3791 1389 3830 aoro-

230 3893 257 3933 ss
273 3872 386 3943 stioho,
409 3872 494 3930 euius
516 3892 609 3952 supra
630 3875 836 3946 meminimus,
858 3873 912 3933 ubi
934 3893 1038 3933 omnes
1055 3873 1207 3950 βασιλῆεξ,
1226 3872 1390 3953 Opsopaeus
1412 3878 1413 3949 ζ

272 3982 389 4033 tantum
416 3974 448 4031 in
475 3975 613 4051 margine
642 3974 797 4052 βασιλῆος,
826 3975 865 4035 de
892 3975 1026 4034 Puteani
1054 3973 1167 4037 codiee,
1190 3975 1235 4033 nil
1266 3992 1389 4045 monens3
1412 3992 1413 4037 i

270 4083 435 4156 praeterea
465 4063 568 4153 ἥξουσι
598 4095 654 4154 pro
682 4068 805 4153 ἥξουσιν
838 4075 911 4137 edit.
936 4077 992 4136 IV.
1043 4075 1261 4135 Constantinus
1288 4092 1389 4156 quoquo

270 4178 340 4236 loco
361 4176 411 4234 eit.
433 4175 581 4253 βασιλῆες,
601 4186 765 4254 praeterea
784 4199 877 4238 versu
896 4179 993 4257 primo
1012 4173 1045 4236 dl
1064 4178 1173 4236 omittit
1196 4187 1227 4237 et
1246 4173 1315 4236 ποτὲ
1332 4176 1388 4235 sori-
1412 4232 1413 4249 χ

232 4338 234 4342 1
272 4280 327 4338 bit.
355 4268 516 4354 ιαρταρόεν
543 4286 590 4336 ost
616 4279 649 4337 in
670 4279 795 4339 Aldina,
838 4280 876 4338 In
904 4278 1011 4339 oodioe
1033 4280 1226 4356 Regiomont.
1254 4280 1297 4338 ita
1320 4280 1389 4337 loeus

274 4376 432 4436 scribitur:
1103 4402 1106 4407 ·
1412 4400 1413 4405 ¹

524 4485 695 4555 taptapeon
1028 4481 1198 4540 aexaouaei
