2884 5184
584 462 668 511 VITA
690 461 768 510 CAR.
790 462 920 511 LUDOV.
945 462 1089 510 STRUVE.

620 629 763 709 „Struve
789 631 1010 717 philologus.“

331 774 517 861 „Inclytum
541 798 659 840 nornen
681 774 734 840 his
765 778 882 842 diebus
913 779 997 840 inter
1022 800 1081 840 nos
1108 779 1260 858 evanuit,
1283 775 1384 863 incly-

245 889 313 942 tum
333 898 392 962 per
413 872 496 938 alios
520 873 596 937 aliis
618 875 654 937 in
679 875 881 961 disciplinis,
904 876 940 939 in
962 874 1157 961 philologia,
1181 897 1267 962 quae
1290 898 1384 939 voca-

244 987 299 1040 tur
319 974 473 1056 classica,
501 976 640 1061 primum
668 998 727 1061 per
754 976 888 1040 beatum
914 985 1060 1041 nostrum
1083 977 1236 1039 amicum.
1284 974 1385 1054 Quid-

247 1073 326 1161 quid
354 1072 409 1136 ille
439 1072 483 1135 ad
510 1072 737 1159 explanandas
765 1076 1014 1158 grammaticam
1045 1084 1077 1138 et
1104 1075 1386 1160 lexicographiam

245 1173 408 1237 Graecam
431 1181 464 1236 et
485 1171 639 1235 Latinam
663 1172 817 1255 eontulit,
834 1173 891 1237 diu
909 1175 1116 1260 perdurabit,
1139 1183 1385 1238 monumentum

244 1272 435 1357 diligentiae
469 1273 540 1356 ejus
568 1271 782 1337 honorificum
814 1276 968 1360 tempori,
1005 1297 1068 1360 quo
1101 1275 1204 1355 vixit,
1238 1282 1272 1337 et
1300 1272 1386 1353 urbi,

243 1373 338 1457 cujus
360 1371 499 1433 historia
514 1370 680 1433 literarum
701 1373 910 1457 antiquarum
930 1382 1004 1459 post
1021 1372 1234 1436 Pisanskium
1256 1374 1386 1438 demum

243 1471 411 1536 exorditur
447 1469 641 1555 (Gruterus,
662 1471 810 1557 Beyerus
840 1480 874 1535 et
895 1460 1064 1536 Besselius
1092 1473 1248 1537 vixerunt
1276 1481 1311 1535 et
1332 1470 1385 1535 ob-

244 1573 353 1635 ierunt
374 1571 409 1632 in
436 1572 533 1634 terris
557 1572 711 1657 exteris).=
754 1570 829 1634 Jam
858 1573 964 1658 prima
990 1571 1062 1656 ejus
1088 1593 1205 1658 opera,
1233 1573 1384 1635 recensio

244 1678 416 1757 suspectae
434 1669 568 1733 fabulae
592 1669 792 1756 Sophocleae
814 1670 1111 1757 Clytaemestrae,
1141 1671 1302 1735 lectiones
1322 1670 1385 1732 Lu-

243 1772 395 1848 cianeae,
415 1769 631 1851 grammatica
650 1769 780 1834 Graeca
807 1771 842 1832 in
872 1792 969 1833 usum
999 1768 1182 1833 scholarum
1205 1771 1385 1832 maximam

244 1870 346 1933 daeo
373 1888 463 1953 spem
489 1868 639 1932 omnibus
663 1869 902 1932 excitaverunt.
947 1870 1168 1934 Buttmannus
1194 1872 1229 1933 in
1256 1871 1385 1956 praefa-

242 1970 331 2033 tione
354 1967 589 2051 grammaticae
611 1967 795 2052 praedicat,
818 1970 926 2031 virum
948 1969 1117 2052 egregium
1133 1967 1307 2032 Struvium
1323 1969 1385 2032 Rc·

244 2069 469 2153 gimontanum
503 2087 561 2150 per
595 2067 844 2130 annotationum
874 2067 992 2130 seriem
1025 2087 1091 2128 non
1124 2065 1228 2129 solum
1259 2066 1386 2152 aliquot

244 2165 411 2253 exempla,
425 2166 484 2230 sed
504 2173 590 2229 totas
605 2189 658 2230 res
681 2188 783 2231 novas
806 2167 871 2253 ipsi
888 2166 1064 2230 indicasse.
1109 2163 1215 2228 Multa
1231 2166 1385 2231 addenda

244 2267 275 2329 ei
298 2264 396 2328 debet
416 2264 546 2328 lexicon
570 2265 777 2347 Schneidcri,
806 2265 946 2329 fortasse
972 2264 1046 2352 plus
1070 2266 1196 2349 egregii
1224 2287 1284 2351 per
1313 2290 1385 2352 pro-

243 2372 425 2450 grammata
448 2371 498 2427 est
526 2363 732 2450 dissipatum.
780 2364 902 2427 Verum
923 2371 1125 2449 quantopere
1153 2365 1224 2449 ipse
1252 2366 1386 2450 singula

243 2464 286 2528 ad
308 2472 410 2527 artem
433 2470 466 2525 et
492 2471 669 2549 praecepta
690 2485 846 2528 revocare
877 2472 910 2526 et
939 2461 1079 2547 disjecta
1106 2462 1252 2527 membra
1280 2464 1386 2529 disso-

244 2584 359 2627 narum
386 2563 565 2626 formarum
592 2563 628 2624 in
653 2561 802 2625 ordinem
829 2562 981 2646 redigere
1007 2564 1166 2647 potuerit,
1192 2565 1386 2649 comprobat

244 2661 430 2726 dissertatio
453 2660 493 2724 de
516 2682 615 2724 versu
637 2660 772 2747 politico
798 2670 831 2725 et
853 2663 958 2745 magis
980 2663 1079 2725 etiam
1101 2661 1186 2726 liber
1216 2661 1256 2726 de
1284 2662 1386 2727 decli-

242 2762 376 2823 natione
396 2765 430 2822 et
450 2757 683 2843 conjugatione
706 2758 827 2822 Latina
850 2765 883 2821 et
908 2758 1158 2822 dissertationes
1181 2760 1220 2824 de
1242 2759 1386 2825 dialecto

245 2856 424 2941 Herodoti,
448 2856 529 2945 proh
553 2856 659 2922 dolor!
687 2880 754 2923 non
774 2857 940 2944 perfectae
969 2866 1002 2921 et
1028 2859 1063 2921 in
1092 2858 1225 2944 longum
1252 2869 1385 2947 tempus

245 3041 468 3052 ...—-—-—

632 3095 751 3157 „Struve
775 3095 822 3144 der
843 3092 1000 3158 Philolog.“

348 3230 421 3293 „Ein
440 3228 596 3279 beriihmter
612 3231 698 3281 Name
716 3231 754 3279 ist
772 3231 801 3279 in
819 3231 913 3279 diesen
932 3231 1027 3295 Tagen
1052 3235 1132 3282 unter
1154 3246 1205 3280 uns
1231 3230 1385 3294 erloschen,

241 3315 366 3366 beriihmt
388 3314 473 3363 durch
497 3314 596 3364 andere
621 3315 650 3363 in
675 3315 777 3366 andern
805 3315 1056 3378 wissenschaften,
1084 3317 1112 3365 in
1141 3317 1187 3367 dor
1215 3317 1385 3368 classischen

240 3399 392 3464 Philologie
410 3404 502 3449 ruerat
519 3400 603 3450 durch
620 3416 723 3451 unsern
741 3403 907 3468 verewigten
923 3403 1043 3453 Freund.
1079 3404 1145 3452 Was
1165 3418 1193 3452 er
1212 3403 1262 3452 auf
1278 3402 1385 3454 diesem

242 3487 355 3538 Gebiete
372 3486 418 3535 fiir
435 3487 609 3538 Griechisohe
626 3487 681 3537 und
699 3488 873 3538 Lateinische
889 3489 1059 3539 Grammatik
1082 3489 1138 3539 und
1160 3489 1385 3553 Lexikographie
1432 3526 1433 3533 κ

240 3573 380 3640 galeistet,
399 3574 466 3623 wird
484 3574 554 3624 noch
572 3574 653 3639 lange
671 3573 808 3624 fortleben
823 3575 852 3623 in
878 3574 926 3624 der
943 3575 1158 3637 Wissenschaft‚
1183 3575 1227 3625 ein
1243 3575 1385 3626 Denkmal

240 3660 329 3711 seiner
347 3659 521 3725 Thtttigkcit,
540 3660 674 3710 riihmlich
691 3659 739 3709 der
756 3660 830 3722 Zeit,
850 3660 898 3710 der
924 3676 952 3711 er
971 3661 1118 3726 angehort,
1140 3661 1197 3710 und
1223 3661 1270 3710 der
1288 3661 1384 3724 Stetit,

239 3746 321 3796 deren
337 3744 534 3811 philologische
556 3743 821 3812 Literttrgesohiohte
839 3750 895 3796 erat
917 3746 988 3795 nach
1008 3746 1137 3796 Pisanski
1163 3746 1277 3811 beginnt
1300 3745 1385 3813 (Gru-

239 3838 294 3896 ter,
313 3834 402 3898 Bayar
424 3832 479 3882 und
501 3831 597 3883 Bessel
613 3832 705 3883 lebten
724 3834 779 3883 und
802 3833 912 3883 starben
935 3832 972 3881 im
993 3830 1152 3896 Auslande).
1191 3832 1281 3882 Schon
1304 3835 1385 3884 seine

238 3916 379 3966 frithesten
398 3915 541 3977 Arbeiten,
559 3914 603 3963 die
620 3916 712 3965 Kritik
731 3916 778 3966 der
796 3915 919 3966 falschen
936 3915 1166 3980 Klytaemnestra,
1185 3915 1229 3964 dis
1246 3914 1383 3967 lectiones

237 4001 406 4062 Lucianeae‚
435 4000 479 4049 die
497 3999 671 4050 Griechischa
690 4000 939 4066 Schulgrammatik
957 4000 1165 4050 beurkundeten
1183 4000 1262 4049 einen
1280 4015 1383 4066 ausge·
1432 4026 1433 4041 κ

237 4085 395 4134 zeiehneten
413 4085 511 4145 Beruf;
531 4087 681 4135 Buttmann
699 4087 790 4136 riihmt
806 4087 835 4135 in
856 4085 904 4136 der
921 4086 1041 4136 Vorreda
1060 4071 1107 4135 der
1126 4084 1305 4147 Grammatik,
1327 4087 1382 4136 wie

237 4167 292 4217 ihm
310 4168 357 4218 der
375 4167 510 4219 treffliehe
527 4168 627 4219 Struve
644 4170 673 4217 in
690 4170 866 4235 Ktinigsberg
884 4170 913 4218 in
932 4169 1005 4219 siner
1022 4168 1107 4219 Reihe
1125 4166 1308 4216 schriftlicher
1323 4169 1381 4219 An-

237 4251 404 4316 merkungen
421 4253 497 4303 nicht
515 4267 566 4302 nur
580 4254 707 4303 manchus
723 4254 857 4319 Beispiel,
869 4254 986 4304 sondarn
1005 4268 1093 4318 ganzo
1104 4250 1280 4307 Thatsachen
1293 4253 1380 4303 naeh-

237 4333 380 4393 gewiesen.
417 4333 495 4385 Viele
512 4334 640 4400 Beitritge
658 4334 794 4384 verdankt
819 4336 874 4385 ihm
899 4335 1069 4385 Schneider's
1091 4334 1286 4396 Wtirterbuch,
1312 4336 1382 4386 viel·

234 4412 318 4461 leicht
333 4416 403 4463 noch
419 4416 495 4465 mehr
513 4414 560 4465 des
578 4416 765 4467 Belehrenden
783 4419 821 4468 ist
846 4420 875 4468 in
897 4419 990 4469 saincn
1012 4421 1207 4483 Programmen
1230 4421 1380 4470 zerstreut.

235 4495 314 4555 Doch
327 4497 377 4544 wie
395 4513 424 4546 er
443 4498 512 4546 auch
532 4497 618 4547 selbst
637 4498 685 4549 das
704 4500 828 4550 einzelne
845 4517 880 4550 zu
899 4501 986 4552 ciuem
1003 4500 1286 4551 wissenschaftliohen
1302 4503 1381 4553 Gan·

1432 4580 1433 4627 t

1432 4676 1433 4723 t

1432 4730 1433 4777 t

1432 4870 1433 4947 l

1432 4950 1433 5013 l

1432 5102 1434 5165 l
