2884 5184
226 468 265 513 Ἦ
696 453 901 502 DEDICATIO.

231 656 333 723 quum
351 630 532 695 imitatione
555 627 692 713 adsequi
714 646 877 689 summum
900 632 1079 710 parentem,
1101 629 1170 685 tum
1192 620 1377 709 Opusculis

232 753 305 838 ejus
331 747 542 833 colligendis,
567 744 784 826 adornandis,
813 764 856 807 ex
878 742 1010 808 seriniis
1027 739 1230 828 complendis
1255 761 1375 804 monu-

233 877 379 935 mentum
406 866 532 951 erigere
561 863 716 929 defuncto
743 884 819 927 aere
848 861 1042 947 perennius,
1074 857 1210 924 etmihi
1236 856 1376 943 quidem

233 989 363 1054 animus
385 1005 513 1072 semper
534 982 614 1065 fuit,
637 989 671 1045 et
691 980 744 1044 Tu
765 980 945 1045 identidem
966 1001 1019 1042 me
1039 977 1205 1041 monuisti.
1246 974 1376 1039 Verum

234 1106 321 1171 enim
342 1126 422 1171 vero
450 1101 595 1184 „habent
617 1121 677 1163 sua
705 1099 775 1164 fata
801 1096 904 1162 libelli
913 1097 945 1159 Ψ
990 1096 1101 1178 Quum
1128 1093 1249 1160 abhinc
1268 1093 1376 1159 unde·

234 1225 298 1290 cim
321 1223 417 1288 annis
435 1221 471 1286 in
493 1217 703 1284 Praefatione
729 1217 1004 1282 Emendationum
1032 1225 1065 1281 et
1093 1214 1376 1280 Observationum

234 1343 269 1407 in
292 1340 453 1422 Quintum
469 1338 685 1424 Smyrnaeum
703 1335 832 1402 Selecta
847 1335 962 1400 Patrui
976 1334 1145 1422 Opuscula
1161 1331 1281 1397 edendi
1296 1354 1376 1396 con-

235 1459 346 1524 silium
373 1480 447 1522 cum
473 1457 555 1522 viris
581 1454 687 1520 doctis
714 1455 1004 1536 communicarem,
1031 1461 1121 1518 certe
1147 1475 1214 1517 non
1234 1450 1376 1534 credidi,

234 1585 362 1643 tantum
389 1573 689 1664 praeterlapsurum
717 1594 791 1638 esse
820 1573 996 1660 temporis,
1027 1571 1131 1637 donec
1160 1568 1376 1655 evulgaretur
1426 1604 1427 1613 κ

235 1716 330 1782 opus.
374 1692 531 1756 Attamen
555 1690 659 1756 multa
681 1689 852 1756 obstacula
875 1712 919 1754 ex
940 1689 997 1755 illo
1019 1699 1165 1777 tempore
1188 1688 1377 1777 superanda

235 1811 316 1876 mihi
338 1818 449 1892 erant,
473 1830 573 1895 quum
596 1817 629 1873 et
652 1808 909 1895 sequentianno
932 1808 1118 1891 Cusanum,
1140 1808 1177 1872 in
1196 1806 1375 1873 remotissi-

235 1950 322 1993 mam
343 1927 496 2014 Europae
516 1925 559 1991 ad
581 1912 750 1992 Orientem
769 1948 886 1992 versus
910 1926 1080 1992 Musarum
1101 1925 1213 1992 sedem
1234 1923 1376 2006 delatus,

234 2047 348 2139 procul
373 2046 523 2112 abessem
543 2067 563 2110 a
583 2045 708 2131 majore
731 2044 901 2111 literarum
924 2045 1135 2128 commercio,
1157 2054 1207 2129 et,
1229 2044 1265 2108 id
1285 2044 1376 2132 quod

234 2166 470 2254 gravissimum
500 2173 589 2247 erat,
618 2165 857 2253 redemptorem
883 2144 1004 2230 edendi
1030 2164 1139 2251 operis
1166 2163 1223 2229 diu
1250 2162 1376 2228 frustra

235 2307 436 2373 quaererem.
487 2282 598 2364 Quum
626 2283 768 2369 denique
797 2292 873 2348 ante
900 2282 960 2347 hos
989 2304 1050 2348 sex
1078 2304 1184 2348 annos
1209 2280 1375 2363 inchoata,
1426 2350 1427 2381 ᾖ

235 2403 294 2468 sed
322 2402 454 2490 saepius
485 2400 559 2466 aliis
593 2401 711 2466 studiis
741 2403 941 2489 interrupta,
970 2402 1126 2490 perficere
1153 2399 1286 2466 tandem
1316 2399 1375 2463 ali·
1426 2396 1428 2550 p

235 2520 366 2608 quando
390 2519 471 2583 mihi
494 2521 716 2605 contingeret,
744 2519 806 2584 hoc
826 2520 861 2583 in
881 2518 1073 2586 turbulenta
1099 2518 1158 2585 illa
1184 2518 1375 2585 Occidentis

235 2648 383 2724 tempora
410 2637 543 2720 incidit,
566 2638 624 2703 ubi
650 2659 751 2723 quum
773 2638 808 2702 in
830 2638 982 2704 omnibus
1002 2639 1117 2722 rebus,
1139 2649 1210 2704 tum
1231 2638 1267 2702 in
1288 2659 1376 2701 com-

234 2756 356 2821 mercio
385 2754 530 2821 literaria
558 2777 656 2842 quam
683 2758 827 2823 maxime
853 2764 904 2822 est
931 2758 1140 2845 trepidatum.
1195 2757 1375 2844 Postquam

234 2873 356 2939 librum
378 2872 565 2939 absolutum
589 2896 609 2939 a
629 2896 681 2939 me
709 2874 786 2940 Tibi
813 2884 892 2940 tunc
913 2876 1051 2940 missum
1071 2898 1130 2966 per
1156 2883 1295 2962 quatuor
1316 2895 1375 2938 an-

234 3015 294 3058 nos
315 2994 498 3076 retinuisti,
520 2992 638 3058 laetius
661 3015 790 3081 semper
808 3003 1005 3081 exspectans
1023 3003 1163 3082 tempus,
1179 3015 1243 3080 quo
1256 2992 1374 3058 biblio-

234 3111 320 3199 polis
341 3111 429 3176 tradi
449 3119 579 3197 posset,
600 3120 738 3196 rogante
759 3133 812 3175 me
838 3111 899 3176 sub
920 3111 1018 3175 finem
1042 3133 1072 3176 a.
1098 3114 1179 3175 1852
1205 3111 1375 3194 remisisti,

236 3228 326 3292 Tuas
348 3227 474 3292 addens
497 3227 695 3291 novissimas
717 3229 753 3291 in
769 3225 879 3290 Vitam
894 3226 1007 3293 Patrui
1029 3229 1268 3313 adnotationes,
1291 3251 1375 3316 quas

236 3352 359 3433 quanto
381 3345 502 3430 gaudio
524 3346 727 3432 exceperim,
748 3343 847 3409 facile
866 3346 976 3412 animo
997 3348 1073 3414 Tibi
1094 3349 1218 3437 fingere
1239 3350 1374 3435 poteris.

235 3465 360 3529 Verum
381 3464 539 3528 traditum
557 3463 638 3527 mihi
659 3472 738 3527 tunc
754 3462 950 3550 professoris
969 3464 1138 3532 literarum
1153 3467 1375 3531 Romanarum

235 3604 355 3646 munus
372 3590 405 3647 et
428 3589 616 3669 susceptum
631 3583 781 3670 proximo
802 3580 923 3647 abhinc
944 3605 1029 3650 anno
1048 3588 1111 3649 iter
1129 3587 1164 3650 in
1184 3586 1375 3674 provincias

235 3700 382 3765 Balticas
404 3700 448 3765 ad
465 3699 513 3764 Te
534 3707 757 3786 cognatosque
779 3709 813 3765 et
834 3701 957 3766 amieos
979 3702 1212 3768 dilectissimos
1230 3705 1375 3769 revisen-

235 3819 295 3882 dos
319 3818 377 3882 diu
400 3820 545 3883 animum
567 3828 790 3885 avocaverunt
812 3841 833 3884 a
853 3820 1006 3884 secundis
1027 3823 1115 3885 curis
1137 3822 1229 3909 operi
1250 3822 1375 3908 impen-
1424 3898 1425 3913 χ

235 3934 363 3999 dendis.
406 3935 496 4002 Dum
525 3958 604 4001 vero
633 3945 709 4001 ante
737 3938 798 4004 hos
828 3938 911 4003 duos
939 3959 1069 4003 menses
1095 3940 1250 4005 idoneum
1273 3940 1376 4004 otium
1424 3924 1425 4005 l

235 4061 368 4136 nactus,
401 4054 443 4117 ad
472 4053 582 4119 Vitam
612 4057 854 4121 retractandam
883 4078 934 4121 me
960 4057 1109 4140 confero,
1138 4057 1253 4122 literae
1280 4078 1301 4121 a
1326 4057 1375 4122 Te

234 4172 316 4236 mihi
343 4172 492 4238 redditae
523 4182 614 4256 sunt,
646 4173 766 4260 quibus
799 4175 970 4241 certiorem
995 4198 1047 4240 me
1077 4176 1178 4260 facis,
1205 4177 1313 4241 virum
1341 4177 1376 4241 in
1423 4230 1424 4269 ξ

234 4288 341 4354 literis
363 4291 485 4356 nostris
508 4289 747 4374 Clarissimum,
762 4292 968 4359 Fridericum
987 4293 1215 4378 Ritschelium,
1235 4317 1375 4381 quocum

235 4406 494 4472 familiaritatem
516 4409 662 4473 iniveras
684 4412 836 4496 proxima
855 4419 981 4475 aestate
1005 4411 1157 4496 Bonnae,
1180 4413 1374 4489 auctoritate

234 4543 294 4587 sua
314 4521 456 4587 libenter
474 4525 676 4611 interposita,
700 4528 905 4619 persuasisse
924 4528 964 4593 Β.
980 4527 1022 4594 G.
1046 4529 1231 4613 Teubnero,
1255 4529 1374 4599 biblio-
