2884 5184
278 430 338 490 146
622 442 884 491 ιιιιιιιιιιιιι
907 445 1075 493 sanson

275 625 386 697 potest.
430 616 474 675 Ut
496 614 535 673 de
558 615 627 673 aliis
646 625 782 691 taceam,
805 619 951 700 quidnam
970 619 1029 678 sibi
1056 622 1154 680 veiint
1178 623 1276 682 verba
1298 613 1317 700 ἢ
1336 615 1391 684 deit

275 709 466 796 προήνεγκεν,
490 718 605 774 nescio.
650 717 820 795 Προφὲρειν
843 721 924 779 enirn
952 741 1014 780 non
1041 721 1149 780 eodem
1177 744 1270 782 sensu
1293 725 1391 792 dicitur,

278 841 338 901 quo
358 820 537 879 Latinorum
556 820 700 891 proferre.
748 818 838 878 Bona
852 822 975 901 quidem
997 822 1122 881 fortuna
1134 824 1300 902 Augustini
1315 826 1391 884 inter·

276 922 407 1003 pretatio
420 920 533 977 Latina
549 918 636 977 nobis
659 926 782 976 servata
804 928 851 979 est
867 923 900 980 in
920 922 999 982 libro
1022 923 1060 983 de
1077 926 1212 1005 quinque
1234 927 1391 985 haeresibus

278 1026 367 1084 Tom.
389 1021 419 1082 6.
442 1041 512 1100 pag.
536 1019 585 1079 16.
629 1020 746 1079 Verum
767 1037 807 1077 ea
825 1019 869 1076 ita
890 1035 1065 1103 comparata
1085 1035 1147 1099 est,
1175 1036 1210 1086 ut
1232 1038 1285 1087 aut
1305 1028 1391 1107 Augu-

279 1127 376 1185 stinus
398 1125 491 1201 longe
514 1122 575 1180 alia
594 1120 690 1180 verba
711 1120 842 1196 legisse,
864 1127 918 1178 aut
938 1129 1040 1182 textus
1063 1128 1130 1203 ejus
1156 1129 1269 1188 misere
1289 1149 1391 1206 corrup·

276 1236 326 1286 tus
344 1226 384 1284 ad
405 1245 462 1283 nos
482 1223 676 1303 pervenisse,
697 1229 750 1280 aut
773 1219 906 1300 denique
930 1218 1135 1298 Augustinus,
1156 1230 1204 1288 vir
1227 1229 1391 1289 Graecarum

277 1331 435 1389 literarum
459 1326 582 1385 minime
615 1343 745 1401 gnarus,
771 1321 804 1380 in
832 1321 1070 1399 interpretandis
1097 1324 1281 1389 Hermeticis
1306 1332 1391 1389 mirum

280 1438 426 1510 quantum
453 1448 472 1485 a
497 1425 610 1485 literali
638 1444 731 1483 sensu
757 1424 918 1484 aberrasse
944 1422 1091 1482 dicendus
1117 1427 1166 1483 sit.
1216 1429 1316 1510 Atque
1339 1434 1391 1502 hoo,

280 1531 363 1612 quod
384 1538 537 1609 postremo
551 1527 620 1585 loco
632 1526 798 1605 posuimus,
814 1525 907 1602 louge
927 1524 1180 1584 verisimillimum
1195 1531 1270 1587 mihi
1283 1531 1390 1604 videtur,

279 1634 322 1692 ita
341 1641 459 1702 tamen,
479 1639 513 1688 ut
537 1638 567 1688 et
585 1627 725 1687 nonnihil
748 1647 788 1686 ex
811 1627 922 1686 ceteris
947 1624 1064 1684 duabus
1093 1627 1194 1685 causis
1224 1629 1256 1687 in
1285 1630 1336 1687 hac
1358 1631 1390 1687 di-¹

278 1733 425 1792 versitate
442 1729 542 1808 repeti
564 1728 685 1787 debeat.
731 1726 823 1804 Quod
843 1747 902 1807 quo
924 1726 1035 1785 clarius
1055 1737 1214 1807 appareat,
1232 1739 1391 1808 apponamus

278 1841 374 1892 totum
395 1831 495 1889 locum
512 1829 693 1906 Augustini,
717 1830 785 1908 qui,
809 1847 889 1908 quae
910 1829 977 1906 ejus
1003 1829 1190 1889 consuetudo
1212 1838 1291 1902 erat,
1311 1830 1390 1887 verbis

278 1932 464 1990 Hermeticis
486 1930 601 2010 ubique
623 1949 678 1988 sua
700 1931 898 2009 interposuit;
921 1931 1004 2010 quod
1020 1940 1055 1991 ut
1071 1949 1250 1991 moneamus
1269 1949 1303 1987 eo
1317 1928 1390 2003 magis

279 2032 486 2092 necessarium
505 2031 643 2104 videtur,
663 2032 807 2112 qnoniam
837 2030 970 2092 editores
998 2032 1093 2092 verba
1118 2032 1268 2092 nonnulla
1287 2032 1390 2092 Hermai

278 2134 318 2193 tis
340 2154 396 2213 pro
424 2133 527 2193 verbis
553 2133 720 2211 Augustini
747 2133 929 2193 habuerunt.
975 2132 1027 2192 Sic
1055 2134 1158 2213 itaque
1185 2132 1283 2192 verba
1309 2131 1388 2207 Augu·

280 2236 353 2296 stini
374 2245 494 2296 sonant.
539 2234 630 2315 „Ipse
653 2232 850 2313 (Mercurius)
876 2233 968 2292 dixit:
994 2238 1069 2309 filius
1095 2237 1231 2293 benedicti
1256 2236 1307 2293 Dei
1328 2242 1390 2305 atquc

178 2385 183 2395 .
280 2340 368 2395 bonae
385 2341 538 2396 voluntate.
583 2337 624 2396 Et
645 2356 684 2395 ne
708 2335 746 2395 de
769 2336 836 2412 ejus
857 2336 980 2394 nomine
1007 2335 1142 2394 taedium
1169 2331 1390 2413 interrogationis

280 2438 459 2509 sustineret,
483 2447 605 2498 secutus
629 2436 787 2515 adjunxit:
810 2441 893 2511 cajus
913 2455 1011 2494 nomeu
1033 2456 1088 2496 non
1110 2445 1202 2510 potest
1228 2441 1337 2496 tamam
1353 2449 1390 2488 ort

279 2543 407 2596 narrari.
451 2536 535 2614 Quid
555 2548 604 2611 tu,
627 2539 775 2611 Mercuri,
796 2537 835 2596 ab
857 2536 1028 2597 hominibus
1056 2537 1132 2596 dicis
1151 2557 1265 2598 nomen
1287 2536 1331 2595 dei
1348 2531 1390 2590 filit

279 2637 398 2697 narrari
419 2658 481 2696 non
502 2638 616 2718 posse?
660 2638 690 2697 A
708 2647 740 2698 te
760 2646 915 2711 narretur,
936 2640 989 2718 qui
1009 2658 1071 2697 non
1092 2639 1182 2697 homo
1202 2636 1260 2697 sed
1279 2635 1343 2695 deus
1360 2630 1390 2688 ab¹

279 2740 450 2799 hominibus
473 2740 666 2800 aestimaris?
710 2739 860 2819 Loquitur
884 2747 986 2799 autem
1006 2739 1046 2798 ad
1065 2739 1160 2798 filium
1181 2758 1269 2798 suum
1290 2736 1384 2795 diceus:

280 2847 410 2901 estasim
434 2847 496 2919 quis
518 2846 571 2917 filii
598 2841 671 2922 (leg.
698 2840 753 2920 fili)
778 2844 976 2899 inenarrabilis
1001 2858 1093 2899 sermo
1125 2844 1277 2913 septenum
1300 2839 1386 2910 spirito

279 2954 400 3008 sanetas.
444 2946 556 3005 Nonne
577 2944 636 3003 hoc
658 2952 718 3014 est,
739 2943 771 3001 in
793 2942 943 3021 principio
967 2949 1033 2999 erat
1052 2939 1202 3001 verbum?
1240 2942 1308 3010 Dic,
1326 2935 1383 2993 Her·

278 3067 358 3119 mes,
381 3066 479 3105 sermo
509 3047 567 3105 iste
598 3043 769 3124 sapientiae
795 3042 890 3102 habet
916 3041 1065 3101 matrem?
1110 3041 1257 3123 Sequitur
1282 3041 1315 3099 de
1337 3034 1384 3093 solo

281 3147 354 3206 deo:
377 3150 502 3204 dominus
523 3156 563 3203 est
589 3150 708 3228 omnium
730 3147 886 3202 dominante
906 3147 956 3202 deo
976 3146 1164 3201 mortalibus&
1196 3141 1296 3222 (Haec
1313 3135 1383 3196 rerba

280 3246 339 3304 etsi
362 3265 423 3302 non
457 3244 531 3301 satis
561 3245 634 3301 mihi
662 3244 821 3303 intellecta
848 3252 934 3323 patet
962 3252 1066 3302 tamen
1100 3245 1273 3323 exprimere
1298 3238 1382 3298 debere

279 3344 456 3402 Hermetica
477 3339 544 3420 περὶ
564 3343 616 3401 τοῦ
634 3334 728 3419 μόνον
744 3343 849 3422 κυρίου
860 3338 983 3403 πάντων
997 3340 1048 3401 aut
1064 3334 1381 3421 uporvvoovptvoudroi

278 3453 312 3503 ut
336 3444 472 3503 codicem
497 3444 575 3522 Reg,
597 3443 712 3503 habere
743 3465 815 3504 mox
848 3445 1028 3505 videbimus.
1081 3444 1144 3505 Sed
1177 3446 1216 3504 ab
1249 3438 1381 3504 editoribus

278 3546 374 3605 verba
391 3543 469 3606 haec
493 3566 511 3604 a
533 3535 635 3606 verbis
662 3545 827 3623 Augustini
854 3567 916 3606 non
944 3556 1088 3627 separata
1117 3544 1210 3624 sunt.)
1255 3544 1310 3619 „Et
1329 3537 1380 3619 quia

279 3647 317 3706 ab
335 3646 505 3707 hominibus
527 3648 668 3726 indagari
689 3666 751 3706 non
772 3654 887 3726 potest,
908 3647 993 3706 addit
1013 3657 1044 3707 et
1070 3647 1159 3707 dicit:
1187 3666 1274 3723 super
1289 3645 1381 3702 mauu

277 3751 348 3806 est.“
390 3747 548 3808 Hactenus
568 3747 768 3826 Augustinus.
812 3748 893 3807 Nolo
915 3747 1051 3807 taedium
1069 3748 1236 3808 lectoribus
1254 3737 1379 3806 crearein

278 3847 429 3921 eruendo,
457 3851 509 3929 qui
530 3848 596 3909 fieri
619 3850 767 3930 potuerit,
795 3857 828 3908 ut
858 3849 916 3909 hoc
942 3850 1031 3909 modo
1059 3847 1181 3909 Graeca
1202 3837 1379 3909 Lactantiiill

276 3949 420 4010 Latinum
443 3970 612 4011 sermonem
631 3950 880 4011 transferrentur.
924 3949 1053 4009 Frustra
1071 3950 1153 4009 enim
1173 3967 1306 4029 quaeras,
1320 3936 1377 4000 unde

274 4053 349 4123 filius
367 4053 499 4109 benedicti
518 4054 575 4122 dei,
597 4051 678 4112 unde
699 4057 813 4127 spiritus
833 4061 946 4111 sanctus
965 4051 1100 4123 venerit,
1124 4050 1205 4110 unde
1228 4050 1300 4122 alia;
1319 4039 1378 4101 stin

276 4151 379 4210 verbis
401 4154 488 4210 bonae
505 4157 650 4211 uoluntatis
670 4153 725 4211 vix
746 4153 839 4212 alium
862 4154 972 4212 erroris
1001 4172 1088 4212 reum
1116 4171 1261 4213 accusare
1284 4140 1376 4227 poteris

278 4268 368 4327 qnam
391 4250 490 4327 ipsum
511 4253 731 4329 Augustinum,
747 4254 800 4332 qui
821 4242 942 4331 ἆγαθοῦ
961 4247 1101 4331 βούλησις
1122 4255 1167 4314 sic
1179 4250 1318 4332 junxerit.
1333 4235 1376 4300 Sed

278 4345 316 4402 de
338 4348 441 4406 verbis
463 4339 574 4423 ἣθεὸν
592 4343 773 4430 προήνεγκεν
794 4354 913 4412 ιιιι11ιιιιι
932 4355 1096 4431 vestigium
1122 4355 1280 4433 repereris.

363 4444 554 4503 Accedamus
584 4468 664 4506 nune
695 4452 734 4508 ad
767 4454 983 4512 excutiendam
1008 4454 1150 4514 lectionis
1174 4454 1336 4514 varietatem
1353 4439 1374 4495 5ss
