2884 5184
272 418 331 479 118
414 409 419 418 “
604 425 801 474 calcum
824 425 1068 474 srrrucrun.

273 601 474 665 Scribendum
496 601 634 660 videtur:
657 590 700 659 δι’
720 589 759 658 οδ
777 591 936 677 πυρόεις
957 591 1165 677 ἐφαάνθης.

273 726 303 764 v.
317 701 424 781 85.eq.
441 689 531 758 οὐδὲ
551 693 652 779 θύρην
671 700 839 782 κλείσγγς,
860 690 907 759 lire
925 699 966 772 τίς
988 717 1037 762 σοι
1057 695 1255 779 ἐπήλυδος
1277 694 1365 773 ἄλλος

437 794 499 877 ἥξει
519 791 673 874 δευόμενος
693 800 795 879 πενίης
816 791 1052 883 ἆπερυκίναι
1074 796 1197 880 λιμόν.

272 907 355 966 Male
375 904 451 981 λιμῷ
473 897 621 961 excusum
640 909 715 957 erat.
751 904 866 962 Verum
889 925 958 964 csse
982 907 1014 963 in
1029 907 1077 965 his
1094 906 1262 985 Sibyllinis
1279 909 1403 965 oraculis

274 1006 426 1090 quaedam
451 1004 579 1063 ultimae
602 999 803 1070 Graecitatis
825 1025 886 1063 non
911 1006 1003 1084 hujus
1034 1016 1079 1065 est
1100 1007 1161 1065 loci
1182 1027 1244 1066 nec
1268 1009 1404 1086 temporis

274 1109 497 1177 demonstrare,
534 1103 590 1162 sed
621 1102 674 1160 vel
700 1120 741 1160 cx
768 1100 816 1157 his
842 1101 958 1164 duobus
987 1110 1129 1168 versibus
1156 1110 1271 1189 liquet.
1317 1109 1404 1168 Vides

274 1207 457 1267 infinitivum
483 1198 662 1280 ἀπερυκίναι
686 1222 741 1279 pro
772 1188 947 1278 ἀπερύκειν,
975 1209 1024 1266 cui
1046 1210 1191 1269 simillimi
1216 1226 1309 1284 sunt,
1339 1232 1403 1291 quos

276 1329 316 1368 ex
337 1306 440 1366 Peello
463 1304 502 1365 dc
525 1313 641 1383 operat.
662 1302 802 1362 daemon.
827 1300 934 1360 laudat
954 1304 1108 1369 Maittaire
1134 1312 1173 1371 de
1196 1312 1275 1371 dial.
1301 1311 1401 1370 Gracc.

275 1431 306 1488 p.
331 1404 403 1466 232.
426 1406 462 1478 (l,
485 1408 526 1465 D.
551 1406 773 1477 concucientur,
793 1404 952 1479 καθεῖναι,
974 1400 1210 1487 ῥαδιουργεῖναι,
1234 1409 1400 1486 ἕκπεσείναι,

276 1512 425 1579 καλεῖναι,
446 1507 605 1589 inquibus
624 1506 853 1564 circumflexum
873 1505 976 1560 -εῖναι
998 1523 1038 1562 ne
1056 1506 1189 1581 mireris,
1212 1534 1287 1572 curn
1310 1535 1400 1572 omnes

276 1610 327 1669 vel
352 1610 514 1670 verborum
541 1615 764 1669 contractorum
794 1605 846 1663 vel
870 1604 976 1662 aoristi
1005 1605 1132 1663 secundi
1159 1609 1230 1666 sint.
1278 1615 1350 1690 Egit
1368 1614 1397 1671 de

276 1712 324 1770 his
344 1711 501 1770 infinitivis
524 1728 647 1789 quoque
661 1708 876 1777 Buttmannus,
900 1705 987 1781 cujus
1003 1707 1224 1765 correctionem
1242 1729 1313 1767 cum
1327 1715 1397 1788 igno-

276 1820 359 1870 raret
384 1810 572 1870 Brandesius
598 1809 628 1866 in
654 1815 846 1866 commentat.
874 1805 993 1877 Eleat,
1023 1813 1057 1863 ut
1084 1815 1180 1866 metro
1208 1824 1398 1884 succurreret,

276 1913 357 1970 hunc
376 1911 464 1970 nobis
489 1910 699 1969 hexametrum
720 1906 840 1967 extudit
862 1906 904 1986 (p
931 1903 1030 1982 lizy:

444 2003 566 2089 ὕστερον
585 1998 605 2085 ἢ
621 2000 753 2085 πρόςθεν
774 2008 826 2065 τοῦ
846 2003 939 2084 μηδὲν
959 1998 1124 2085 ἀρξάμενον
1142 2010 1247 2083 φῦναι.

279 2112 343 2174 Sed
367 2113 456 2171 metri
477 2121 508 2172 et
527 2109 705 2191 quantitatis
728 2110 865 2168 securior
887 2110 945 2168 fuit
961 2109 1012 2167 hic
1032 2109 1080 2167 vir
1099 2109 1305 2172 doctissimus.
1348 2112 1397 2170 Sed

278 2213 319 2272 ad
348 2212 499 2291 Sibyllam
522 2220 727 2272 revertamur:
764 2211 861 2270 habes
890 2220 1052 2289 praeterea
1080 2201 1115 2270 οδ
1145 2210 1264 2295 κλείσης
1291 2236 1343 2293 pro
1368 2202 1398 2288 μη

280 2313 409 2396 κλείοης,
436 2314 484 2387 ni,
513 2313 596 2394 quod
625 2312 813 2391 probabilius
842 2311 979 2385 videtur,
1008 2311 1173 2384 κλείσεις
1195 2317 1335 2395 scripsit;
1364 2316 1396 2371 sic

279 2416 361 2473 enirn
382 2413 577 2474 Hellenistae
607 2415 693 2494 loqui
724 2413 833 2472 solent.
876 2412 984 2470 Habes
1010 2423 1174 2493 praeterea
1193 2417 1320 2476 tandem
1340 2407 1396 2490 ἔπη

280 2514 368 2586 λυδος
389 2535 445 2592 pro
473 2513 597 2592 ἔπηλυς,
627 2535 729 2596 neque
753 2524 855 2573 tamen
876 2513 934 2571 hoc
957 2514 1122 2592 analogiae
1143 2528 1314 2595 repugnem
1341 2527 1397 2576 sunt

280 2616 361 2674 enim
389 2614 472 2673 haud
499 2636 599 2694 pauca
622 2617 746 2674 nomina
765 2615 796 2672 in
817 2613 924 2691 lingua
948 2613 1085 2688 Graeca,
1117 2637 1197 2696 quae
1218 2620 1264 2677 ita
1286 2620 1394 2680 etertia

280 2712 487 2774 declinatione
514 2717 546 2774 in
574 2714 740 2775 secundam
758 2723 932 2788 transeunt,
958 2724 992 2773 ut
1015 2717 1167 2777 secundus
1187 2742 1279 2780 casus
1302 2721 1394 2781 tertiae

280 2814 494 2875 declinationis
515 2837 570 2896 pro
592 2827 677 2876 recto
698 2815 853 2876 secundae
867 2816 975 2875 haberi
988 2819 1100 2895 possit3
1124 2822 1169 2879 sic
1186 2814 1274 2897 ἄζυξ,
1297 2816 1393 2898 ἄζυγος,

279 2904 443 2996 εδδδθριξ,
478 2906 665 2997 εὐθύτριχος,
702 2926 734 2976 et
765 2917 861 2976 multa
893 2917 964 2975 alia.
1017 2918 1081 2979 Sed
1111 2933 1227 2981 certum
1261 2920 1393 3003 quendam

280 3018 537 3100 constitutumque
559 3040 715 3079 numerum
737 3028 861 3078 veteres
883 3018 1098 3097 observarunt3
1126 3025 1314 3084 recentiores
1333 3039 1392 3080 vero

279 3120 405 3179 multum
421 3120 479 3179 sibi
494 3121 695 3192 indulserunt,
712 3120 804 3179 etiam
819 3140 858 3178 ea
873 3120 917 3178 sic
931 3120 1108 3195 formantes,
1126 3144 1255 3204 quorum
1270 3121 1391 3201 exempla

280 3239 320 3277 ex
348 3220 481 3298 antiquis
509 3241 704 3300 nequaquam
730 3221 906 3298 protuleris.
957 3222 1010 3280 Sic
1042 3214 1198 3303 εδγρωτος,
1233 3216 1390 3301 δψαόγενος,

280 3308 348 3386 τούς
368 3307 477 3394 ἆρνοδς
498 3318 617 3377 Theod.
640 3320 749 3378 Prodr.
770 3342 802 3399 p.
820 3321 890 3382 161.
915 3322 1097 3383 Conferatur
1120 3335 1224 3385 tamen
1237 3324 1391 3404 Hesychius

281 3438 305 3476 s.
329 3438 359 3475 v.
386 3409 534 3492 ίπήλυτος.

283 3540 321 3587 ν,
331 3515 382 3577 89.
404 3539 450 3599 sq.
490 3507 546 3577 οδκ
563 3516 670 3597 ἔραμαι
692 3513 838 3580 πλούτου·
861 3515 938 3593 λιτός
957 3543 1026 3583 ποτε
1046 3518 1127 3585 λιτδν
1145 3522 1273 3604 ἐδέγμην

486 3605 642 3696 ἆμφαδόν·
668 3605 819 3701 ὦπάτερ,
843 3608 867 3681 ιδ
889 3615 1109 3704 χωρηγητὴρ
1128 3619 1303 3686 ἐπάκουσον.

279 3703 441 3780 olinscrui
457 3730 528 3801 post
548 3716 648 3802 πάτερ.
685 3722 749 3783 Sed
770 3727 823 3803 qui
845 3726 884 3783 sit
906 3716 1093 3805 χωρηγητὴρ,
1115 3748 1176 3786 non
1190 3727 1292 3787 video.
1325 3724 1386 3782 Nun

280 3822 318 3881 de
341 3824 515 3901 χορηγοῦντι
534 3825 681 3901 cogitavit
701 3825 847 3902 Sibylla?
869 3829 920 3885 Ex
942 3829 1086 3886 versione
1105 3829 1149 3887 nil
1167 3829 1281 3909 liquet:

443 3923 514 3982 Non
538 3945 604 3983 amo
630 3925 770 3999 divitias,
793 3930 957 4007 tenuisque
980 3928 1147 4008 aliquando
1169 3931 1304 3988 vicissim

443 4024 576 4103 Accepit
594 4034 733 4099 tenuem,
757 4038 845 4106 pater
868 4030 974 4108 accipe
997 4037 1071 4087 vota
1092 4030 1256 4089 secundus.

277 4144 307 4183 v.
326 4121 395 4183 137.
413 4147 459 4206 sq.
488 4123 519 4183 οἳ
539 4124 606 4201 βίον
624 4115 859 4199 διλλιίξουσιν
879 4122 946 4188 κού
968 4128 1101 4188 πείσουσι
1124 4129 1272 4202 δικαίους·

487 4222 519 4281 οῗ
531 4245 562 4282 τε
581 4217 655 4285 dedo
672 4220 721 4285 ποί
728 4244 874 4303 μπυσνα
896 4220 946 4288 διδι
967 4217 1075 4307 φρενὸς
1096 4222 1274 4290 ἱλάσκονται.

277 4324 366 4381 Haec
391 4328 559 4384 nonsatis
586 4329 737 4406 intelligo.
788 4331 852 4388 Alii
885 4322 1080 4406 παμπιστα
1114 4331 1230 4391 habere
1259 4332 1380 4390 dicuutur·

278 4420 380 4478 Versu
401 4424 608 4502 praecedente
629 4429 738 4490 melius
757 4439 841 4490 esset
863 4421 1073 4505 ἇλλοίξουοι
1096 4428 1160 4490 καὶ
1181 4421 1232 4492 οδ.
