2884 5184
601 412 788 471 QUINTUS
809 413 1077 464 SHYBMBUS.

706 588 778 648 Lm.
801 589 890 649 XIV.

230 740 269 801 V.
290 738 339 798 16.
368 760 423 819 pro
447 732 556 818 γλάγος
577 733 918 817 περιμαιμάωντας
936 749 1073 820 praestat
1095 739 1214 799 divisim
1229 739 1372 799 scribere

231 832 341 919 γλάγος
354 835 441 920 ττίρι
463 829 725 915 μαιμοίωντας.
740 875 779 883 —-
797 862 827 900 v.
842 840 893 900 64.
908 863 963 923 pro
982 840 1119 919 φανείη
1133 842 1203 918 lege
1218 838 1371 922 φανείῃ,

231 979 261 1018 v.
287 957 356 1016 100.
810 948 845 1031 dc
865 956 932 1037 περί
954 949 1076 1019 πάντων

394 1048 557 1118 άθανάτων
577 1053 687 1136 γένος
705 1055 779 1136 ἔστί,

230 1160 326 1220 fuisso
350 1157 472 1219 videtur
499 1156 610 1236 μίνος
634 1157 701 1219 ἐστί.
723 1192 766 1204 —-
793 1182 823 1220 v.
850 1159 919 1220 124.
949 1151 1133 1238 εὐνομίης
1159 1180 1214 1239 pro
1236 1149 1372 1235 εὗομίης,

231 1261 314 1343 quod
333 1258 572 1320 Rhodomannue
593 1261 701 1335 habet,
724 1264 779 1322 vix
801 1271 887 1322 recte
903 1261 1096 1322 emendatum
1110 1259 1242 1321 videtur.
1277 1259 1370 1318 Nihil

229 1371 348 1436 tamen,
369 1360 452 1442 quod
471 1362 610 1442 placeat,
632 1383 666 1423 se
685 1365 759 1423 mihi
781 1363 900 1424 obtulit.

230 1503 263 1541 v.
286 1478 355 1540 172.
690 1481 743 1541 καί
762 1497 836 1558 σφιν
856 1471 910 1562 ἄρ’
930 1472 1045 1559 άμφοῖν

397 1572 495 1662 δάιιρν
514 1574 590 1642 ιιατά
608 1574 814 1662 βλεφάρων
833 1571 1001 1662 ἠλείβετο
1019 1572 1078 1660 ἡδίι
1097 1575 1249 1662 γοάντων.

231 1685 363 1743 Evertae
377 1691 557 1756 monstrum,
573 1683 735 1744 scribendo
754 1680 952 1763 ἕλλείβετο,
971 1692 1004 1744 ut
1018 1684 1218 1744 Homericum
1234 1682 1367 1764 ἔλλαβεν.

232 1782 295 1843 Sed
316 1782 403 1856 vide,
429 1804 470 1843 ne
490 1791 584 1862 pc'e'ta
607 1784 728 1844 dederit
750 1773 826 1844 κατά
843 1777 1072 1866 βλεφάροιϊν
1089 1783 1278 1865 ἐλείβετο,
1310 1807 1368 1868 quc

229 1884 369 1943 restituto
404 1894 582 1945 consuetam
616 1883 732 1963 Quinto
763 1906 922 1947 caesuram
950 1888 1112 1947 lucramur.
1145 1921 1188 1932 -
1230 1910 1265 1947 v.
1300 1886 1368 1947 198.

231 1972 441 2062 άιτηίξηνθ’
466 1986 547 2046 bene
569 2007 586 2046 c
605 1986 819 2047 Rhodcmanni
842 1990 1019 2067 conjectura
1039 1989 1153 2049 editum
1177 1998 1226 2048 est
1245 2010 1308 2070 pro
1328 1991 1368 2047 vi·

231 2086 310 2146 tiocc
323 2075 482 2166 άντηίξηθ’.
499 2122 541 2133 -
563 2089 645 2151 Ante
660 2111 690 2150 v.
706 2086 778 2149 215.
794 2111 872 2151 unus
887 2111 994 2151 versus
1011 2090 1165 2151 excidisse
1180 2090 1322 2151 videtur.
1332 2125 1370 2134 —-

232 2227 263 2266 v.
286 2203 357 2265 236.
387 2227 442 2287 pro
471 2195 533 2267 άττ’
564 2203 598 2268 dx
623 2203 730 2286 λεχέων
756 2196 925 2290 άνάρονσαν
950 2209 1024 2282 fuit,
1053 2209 1085 2267 ni
1111 2208 1220 2283 fallor,
1251 2199 1317 2271 ἄν’
1341 2207 1371 2273 ἐι

231 2305 337 2386 λεχέων
357 2295 536 2387 άνόρουσαν.

231 2429 262 2468 v.
283 2404 356 2467 258.
382 2398 438 2486 τὴν
458 2399 489 2470 δ’
511 2402 605 2490 άγον,
626 2399 697 2487 ἠΰτε
716 2400 822 2490 ττόρτιν
843 2405 873 2482 dg
893 2399 1103 2471 άθανάτοιο
1124 2400 1254 2488 θυηλάς.

231 2511 446 2571 Rhodomanni
464 2513 542 2572 hacc
563 2520 611 2571 est
628 2509 816 2589 emendati03
838 2512 998 2590 legebatur
1019 2514 1086 2573 cine
1107 2532 1200 2574 censu
1219 2520 1251 2572 et
1270 2519 1370 2570 metro

231 2608 261 2685 ἐς
287 2602 459 2671 θανατδν
483 2603 610 2688 θυηλάς.
654 2611 718 2673 Sed
743 2613 844 2672 locum
863 2634 924 2673 non
944 2624 1085 2678 canatum
1106 2614 1266 2687 existim03
1299 2631 1369 2671 nam

232 2702 385 2783 άθάνατος
406 2714 451 2773 eic
472 2711 554 2773 nude
574 2713 680 2792 opicus
701 2734 800 2774 sermo
820 2736 883 2775 non
901 2717 1035 2796 recepit,
1055 2717 1109 2775 vix
1130 2723 1194 2774 tota
1217 2710 1369 2773 Graecia.

232 2814 317 2896 Quid
345 2816 454 2890 fuerit,
481 2815 596 2877 nescio.
614 2849 657 2860 -
684 2837 714 2874 v.
741 2813 812 2876 265.
837 2837 893 2897 pro
920 2809 1169 2896 περιτρύζωσι
1195 2813 1370 2889 legendum

232 2928 279 2980 est
305 2915 559 2998 περιτρίζωσι.
610 2917 674 2978 Sed
703 2937 797 2997 supra
823 2938 853 2975 v.
883 2915 933 2977 36.
965 2917 1045 2977 bene
1073 2935 1108 2974 se
1133 2913 1228 2974 habet
1255 2934 1370 2992 στερι-

229 3011 444 3098 τράζονσιν.
463 3054 507 3063 -
532 3042 563 3080 v.
582 3017 654 3080 269.
675 3020 831 3101 στοναχῇσι
849 3039 903 3098 pro
925 3018 1078 3097 στεναχῇσι
1099 3023 1285 3095 occupatum
1303 3019 1369 3094 jam

231 3121 322 3180 video
345 3141 364 3179 a
387 3120 548 3200 Spitznero
567 3123 663 3182 Mani.
681 3144 712 3203 p.
737 3118 808 3180 236.

230 3241 260 3307 ν.
281 3217 354 3280 281.
394 3221 446 3278 τοῦ
465 3218 533 3300 πέρι
553 3220 743 3299 δειμαίνουσα
766 3217 817 3281 καί
836 3210 982 3298 ὀσσομένη
1002 3215 1077 3299 μέγα
1095 3219 1197 3296 πῆμα,

396 3309 514 3398 οἰκτρὸν
535 3308 768 3394 άνωλάζεσιιε
788 3315 849 3405 γάρ)
871 3315 902 3380 δ’
928 3316 978 3380 ici
996 3308 1114 3398 ματρδν
1131 3308 1222 3380 άδτει.

230 3418 347 3497 Tetigit
372 3419 454 3478 hunc
482 3420 584 3480 locum
602 3422 668 3499 jam
690 3422 833 3502 Spitzner
852 3424 948 3483 Mani.
976 3443 1008 3501 p.
1031 3417 1103 3479 267.
1130 3422 1196 3500 eq.‚
1227 3419 1284 3499 qui
1313 3429 1370 3479 aut

229 3510 363 3594 άνολάζω
384 3521 494 3587 lexicis
516 3522 587 3582 hinc
610 3523 819 3599 inserendum,
839 3533 891 3584 aut
905 3523 957 3583 vel
975 3511 1183 3605 άνῳμοίζεσιιε,
1204 3520 1257 3581 vel
1275 3509 1371 3579 άνιῧ-

230 3623 326 3699 ζεστε,
360 3623 412 3683 vcl
440 3624 574 3706 denique
600 3612 787 3704 άνατρίζεσιιε
820 3623 1032 3702 corrigendum
1061 3623 1253 3702 pronunciat.
1300 3619 1372 3680 Sed

229 3712 362 3798 άνολάζω
392 3725 478 3786 nulla
505 3725 625 3785 ratione
652 3745 687 3787 se
717 3725 798 3786 tueri
825 3727 953 3805 poterit,
987 3745 1056 3785 eum
1080 3742 1232 3803 nusquam
1255 3710 1371 3799 ὂλάζω,

228 3815 338 3904 ὄλνγὴ,
364 3845 426 3886 non
449 3826 548 3903 magis
576 3844 667 3906 quam
684 3814 785 3898 άλάζω
801 3833 833 3885 et
853 3824 925 3885 hinc
943 3825 1084 3887 derivata
1104 3823 1233 3885 Graecis
1254 3822 1288 3880 in
1307 3842 1371 3882 usu

197 3949 199 3954 ⁴
228 3926 351 3993 fuerint.
384 3925 481 3987 varia
494 3934 624 4006 poscunt
639 3926 790 3991 substitui.
828 3924 893 3986 Sed
906 3925 993 4000 vide,
1016 3947 1056 3986 ne
1072 3922 1197 3985 tandem
1214 3923 1370 4002 optimum

228 4026 334 4100 fuerit,
355 4026 520 4104 separatis,
544 4045 624 4108 quae
640 4026 720 4088 male
743 4026 935 4099 coaluerunt,
958 4026 1108 4088 scribere:

480 4121 599 4207 οἰκτρὸν
619 4118 694 4185 άνω
715 4120 868 4199 λάζεσιιε
889 4146 918 4184 ιι.
936 4145 961 4190 τ,
982 4128 1007 4183 λ.

226 4245 257 4282 v.
280 4221 352 4285 299.
517 4218 648 4310 ἡμετέρῳ
669 4221 726 4284 ἐνί
746 4223 928 4302 μαίνεται
946 4223 1047 4302 αἵματι
1069 4213 1176 4300 θνμάν.

169 4357 171 4359 ·
227 4324 312 4401 Lege
343 4320 592 4399 ἐπιμαίνεται.
620 4360 661 4368 -
693 4344 724 4383 v.
749 4322 821 4383 392.
854 4344 909 4404 pro
941 4325 1097 4404 τταρειῇσιν
1124 4311 1156 4382 δ’
1185 4317 1233 4379 ἐπί
1262 4314 1366 4400 δάιιρο

230 4413 365 4479 Αὗαλέον
388 4420 583 4498 περίκειτο
604 4424 706 4484 malim
728 4427 929 4502 περιχεῖτο.
953 4456 990 4467 -
1020 4442 1050 4482 v.
1072 4420 1143 4480 461.
1165 4442 1222 4500 pro
1247 4411 1306 4480 cdv
1328 4414 1362 4480 δ’
