<?xml version="1.0" encoding="UTF-8"?>
<!DOCTYPE html PUBLIC "-//W3C//DTD XHTML 1.0 Transitional//EN"
    "http://www.w3.org/TR/xhtml1/DTD/xhtml1-transitional.dtd">
<html xmlns="http://www.w3.org/1999/xhtml" xml:lang="en" lang="en">
 <head>
  <title>
</title>
<meta http-equiv="Content-Type" content="text/html;charset=utf-8" />
  <meta name='ocr-system' content='tesseract 3.04.00' />
  <meta name='ocr-capabilities' content='ocr_page ocr_carea ocr_par ocr_line ocrx_word'/>
</head>
<body>
  <div class='ocr_page' id='page_1' title='image "./caroliludovicis01strugoog_0154.png"; bbox 0 0 2884 5184; ppageno 0'>
   <div class='ocr_carea' id='block_1_1' title="bbox 603 430 1057 480">
    <p class='ocr_par' dir='ltr' id='par_1_1' title="bbox 603 430 1057 480">
     <span class='ocr_line' id='line_1_1' title="bbox 603 430 1057 480; baseline -0.007 0"><span class='ocrx_word' id='word_1_1' title='bbox 603 431 801 480; x_wconf 67' lang='lat' dir='ltr'>olricum</span> <span class='ocrx_word' id='word_1_2' title='bbox 823 430 1057 477; x_wconf 80' lang='lat' dir='ltr'>SIBYLLINA</span> 
     </span>
    </p>
   </div>
   <div class='ocr_carea' id='block_1_2' title="bbox 258 601 1407 905">
    <p class='ocr_par' dir='ltr' id='par_1_2' title="bbox 258 601 1407 905">
     <span class='ocr_line' id='line_1_2' title="bbox 722 601 933 678; baseline -0.009 -15"><span class='ocrx_word' id='word_1_3' title='bbox 722 603 821 663; x_wconf 75' lang='lat' dir='ltr'>mro</span> <span class='ocrx_word' id='word_1_4' title='bbox 849 602 881 678; x_wconf 72' lang='lat' dir='ltr'>s.</span> <span class='ocrx_word' id='word_1_5' title='bbox 903 601 933 662; x_wconf 81' lang='lat' dir='ltr'>s.</span> 
     </span>
     <span class='ocr_line' id='line_1_3' title="bbox 346 714 1407 799; baseline -0.002 -15"><span class='ocrx_word' id='word_1_6' title='bbox 346 730 444 799; x_wconf 80' lang='lat' dir='ltr'>„Quod</span> <span class='ocrx_word' id='word_1_7' title='bbox 471 729 552 784; x_wconf 78' lang='lat' dir='ltr'>otiam</span> <span class='ocrx_word' id='word_1_8' title='bbox 580 725 685 798; x_wconf 66' lang='grc' dir='ltr'><strong><em>δι’ἱιρῑῐα</em></strong></span> <span class='ocrx_word' id='word_1_9' title='bbox 713 741 776 782; x_wconf 85' lang='lat' dir='ltr'>cnm</span> <span class='ocrx_word' id='word_1_10' title='bbox 798 724 945 798; x_wconf 75' lang='lat' dir='ltr'>prophetis</span> <span class='ocrx_word' id='word_1_11' title='bbox 977 739 1149 797; x_wconf 76' lang='lat' dir='ltr'>conprnons,</span> <span class='ocrx_word' id='word_1_12' title='bbox 1179 726 1299 799; x_wconf 81' lang='lat' dir='ltr'>futuram</span> <span class='ocrx_word' id='word_1_13' title='bbox 1323 743 1366 783; x_wconf 81' lang='lat' dir='ltr'>nn</span> <span class='ocrx_word' id='word_1_14' title='bbox 1406 714 1407 733; x_wconf 69' lang='lat'>³</span> 
     </span>
     <span class='ocr_line' id='line_1_4' title="bbox 258 832 1133 905; baseline -0.002 -18"><span class='ocrx_word' id='word_1_15' title='bbox 258 832 419 905; x_wconf 74' lang='lat' dir='ltr'>praedixit,</span> <span class='ocrx_word' id='word_1_16' title='bbox 1128 843 1133 853; x_wconf 91' lang='grc'><em>·</em></span> 
     </span>
    </p>
   </div>
   <div class='ocr_carea' id='block_1_3' title="bbox 428 912 1255 1005">
    <p class='ocr_par' dir='ltr' id='par_1_3' title="bbox 428 912 1255 1005">
     <span class='ocr_line' id='line_1_5' title="bbox 428 912 1255 1005; baseline 0 -21"><span class='ocrx_word' id='word_1_17' title='bbox 428 924 567 1005; x_wconf 76' lang='grc' dir='ltr'><strong><em>τρίψουσι</em></strong></span> <span class='ocrx_word' id='word_1_18' title='bbox 586 912 616 982; x_wconf 77' lang='grc' dir='ltr'>δ’</span> <span class='ocrx_word' id='word_1_19' title='bbox 640 923 747 984; x_wconf 72' lang='grc' dir='ltr'><strong><em>εἴδωλα</em></strong></span> <span class='ocrx_word' id='word_1_20' title='bbox 763 920 864 1003; x_wconf 76' lang='grc' dir='ltr'><strong><em>βροτοὶ</em></strong></span> <span class='ocrx_word' id='word_1_21' title='bbox 886 920 938 982; x_wconf 80' lang='lat' dir='ltr'>nel</span> <span class='ocrx_word' id='word_1_22' title='bbox 957 925 1086 984; x_wconf 76' lang='grc' dir='ltr'><strong><em>πλοῦτον</em></strong></span> <span class='ocrx_word' id='word_1_23' title='bbox 1106 915 1255 984; x_wconf 73' lang='grc' dir='ltr'><strong><em>ἅπαντα.“</em></strong></span> 
     </span>
    </p>
   </div>
   <div class='ocr_carea' id='block_1_4' title="bbox 219 1039 1375 3340">
    <p class='ocr_par' dir='ltr' id='par_1_4' title="bbox 219 1039 1375 3340">
     <span class='ocr_line' id='line_1_6' title="bbox 261 1039 1366 1122; baseline -0.005 -16"><span class='ocrx_word' id='word_1_24' title='bbox 261 1047 344 1106; x_wconf 74' lang='lat' dir='ltr'>Edit·</span> <span class='ocrx_word' id='word_1_25' title='bbox 366 1046 396 1104; x_wconf 95' lang='lat' dir='ltr'><strong>D</strong></span> <span class='ocrx_word' id='word_1_26' title='bbox 421 1042 551 1121; x_wconf 78' lang='grc' dir='ltr'><strong><em>ρίψουσι.</em></strong></span> <span class='ocrx_word' id='word_1_27' title='bbox 592 1039 723 1101; x_wconf 80' lang='lat' dir='ltr'>Ceterae</span> <span class='ocrx_word' id='word_1_28' title='bbox 748 1062 872 1121; x_wconf 85' lang='lat' dir='ltr'>prorsus</span> <span class='ocrx_word' id='word_1_29' title='bbox 896 1063 963 1100; x_wconf 87' lang='lat' dir='ltr'>cum</span> <span class='ocrx_word' id='word_1_30' title='bbox 983 1041 1184 1103; x_wconf 90' lang='lat' dir='ltr'>Bunemanno</span> <span class='ocrx_word' id='word_1_31' title='bbox 1209 1046 1366 1122; x_wconf 87' lang='lat' dir='ltr'>conspirant.</span> 
     </span>
     <span class='ocr_line' id='line_1_7' title="bbox 261 1140 1366 1225; baseline -0.004 -17"><span class='ocrx_word' id='word_1_32' title='bbox 261 1149 298 1208; x_wconf 93' lang='lat' dir='ltr'>In</span> <span class='ocrx_word' id='word_1_33' title='bbox 321 1145 482 1225; x_wconf 79' lang='lat' dir='ltr'>Sibyllinis</span> <span class='ocrx_word' id='word_1_34' title='bbox 504 1145 616 1221; x_wconf 86' lang='lat' dir='ltr'>legitur</span> <span class='ocrx_word' id='word_1_35' title='bbox 636 1163 744 1202; x_wconf 86' lang='lat' dir='ltr'>versus</span> <span class='ocrx_word' id='word_1_36' title='bbox 766 1140 795 1202; x_wconf 89' lang='lat'>8.</span> <span class='ocrx_word' id='word_1_37' title='bbox 819 1165 849 1201; x_wconf 90' lang='lat' dir='ltr'>v.</span> <span class='ocrx_word' id='word_1_38' title='bbox 871 1140 960 1215; x_wconf 65' lang='lat'>224„</span> <span class='ocrx_word' id='word_1_39' title='bbox 989 1145 1041 1203; x_wconf 87' lang='lat' dir='ltr'>ubi</span> <span class='ocrx_word' id='word_1_40' title='bbox 1062 1141 1203 1222; x_wconf 80' lang='grc' dir='ltr'><strong><em>ῥίψουσιν</em></strong></span> <span class='ocrx_word' id='word_1_41' title='bbox 1223 1164 1320 1203; x_wconf 86' lang='lat' dir='ltr'>omnes</span> <span class='ocrx_word' id='word_1_42' title='bbox 1336 1146 1366 1204; x_wconf 86' lang='lat' dir='ltr'>le-</span> 
     </span>
     <span class='ocr_line' id='line_1_8' title="bbox 260 1243 1368 1327; baseline -0.002 -20"><span class='ocrx_word' id='word_1_43' title='bbox 260 1256 349 1327; x_wconf 88' lang='lat' dir='ltr'>gunt;</span> <span class='ocrx_word' id='word_1_44' title='bbox 382 1244 438 1306; x_wconf 89' lang='lat' dir='ltr'>sed</span> <span class='ocrx_word' id='word_1_45' title='bbox 467 1243 597 1323; x_wconf 72' lang='grc' dir='ltr'><strong><em>ρίψωσιν</em></strong></span> <span class='ocrx_word' id='word_1_46' title='bbox 623 1243 806 1320; x_wconf 82' lang='lat' dir='ltr'>vulgaverat</span> <span class='ocrx_word' id='word_1_47' title='bbox 829 1243 946 1318; x_wconf 83' lang='lat' dir='ltr'>Aldus,</span> <span class='ocrx_word' id='word_1_48' title='bbox 977 1247 1029 1325; x_wconf 91' lang='lat' dir='ltr'>qui</span> <span class='ocrx_word' id='word_1_49' title='bbox 1056 1246 1229 1305; x_wconf 88' lang='lat' dir='ltr'>acrosticha</span> <span class='ocrx_word' id='word_1_50' title='bbox 1253 1246 1324 1305; x_wconf 89' lang='lat' dir='ltr'>haec</span> <span class='ocrx_word' id='word_1_51' title='bbox 1341 1245 1368 1305; x_wconf 86' lang='lat' dir='ltr'>de</span> 
     </span>
     <span class='ocr_line' id='line_1_9' title="bbox 261 1344 1367 1425; baseline -0.005 -15"><span class='ocrx_word' id='word_1_52' title='bbox 261 1350 382 1410; x_wconf 76' lang='lat' dir='ltr'>Christo</span> <span class='ocrx_word' id='word_1_53' title='bbox 404 1349 471 1425; x_wconf 87' lang='lat' dir='ltr'>jam</span> <span class='ocrx_word' id='word_1_54' title='bbox 498 1354 569 1405; x_wconf 90' lang='lat' dir='ltr'>ante</span> <span class='ocrx_word' id='word_1_55' title='bbox 589 1345 724 1423; x_wconf 88' lang='lat' dir='ltr'>Xystum</span> <span class='ocrx_word' id='word_1_56' title='bbox 747 1345 923 1423; x_wconf 87' lang='lat' dir='ltr'>Betulejum</span> <span class='ocrx_word' id='word_1_57' title='bbox 947 1344 1094 1405; x_wconf 81' lang='lat' dir='ltr'>ediderat.</span> <span class='ocrx_word' id='word_1_58' title='bbox 1139 1346 1216 1404; x_wconf 88' lang='lat' dir='ltr'>Mihi</span> <span class='ocrx_word' id='word_1_59' title='bbox 1238 1347 1270 1404; x_wconf 92' lang='lat' dir='ltr'>in</span> <span class='ocrx_word' id='word_1_60' title='bbox 1289 1346 1367 1424; x_wconf 85' lang='lat' dir='ltr'>Sibyl·</span> 
     </span>
     <span class='ocr_line' id='line_1_10' title="bbox 260 1447 1369 1527; baseline -0.005 -17"><span class='ocrx_word' id='word_1_61' title='bbox 260 1453 331 1510; x_wconf 86' lang='lat' dir='ltr'>linis</span> <span class='ocrx_word' id='word_1_62' title='bbox 346 1448 476 1527; x_wconf 74' lang='grc' dir='ltr'><strong><em>ῥίψασιν</em></strong></span> <span class='ocrx_word' id='word_1_63' title='bbox 489 1448 579 1506; x_wconf 87' lang='lat' dir='ltr'>unice</span> <span class='ocrx_word' id='word_1_64' title='bbox 593 1466 701 1505; x_wconf 90' lang='lat' dir='ltr'>verum</span> <span class='ocrx_word' id='word_1_65' title='bbox 717 1466 803 1518; x_wconf 88' lang='lat' dir='ltr'>esse,</span> <span class='ocrx_word' id='word_1_66' title='bbox 819 1466 1001 1525; x_wconf 90' lang='lat' dir='ltr'>persuasum</span> <span class='ocrx_word' id='word_1_67' title='bbox 1016 1455 1077 1521; x_wconf 83' lang='lat' dir='ltr'>est3</span> <span class='ocrx_word' id='word_1_68' title='bbox 1095 1467 1166 1505; x_wconf 90' lang='lat' dir='ltr'>nam</span> <span class='ocrx_word' id='word_1_69' title='bbox 1182 1447 1266 1527; x_wconf 92' lang='lat' dir='ltr'>quod</span> <span class='ocrx_word' id='word_1_70' title='bbox 1275 1449 1331 1525; x_wconf 85' lang='lat' dir='ltr'>jam</span> <span class='ocrx_word' id='word_1_71' title='bbox 1342 1449 1369 1505; x_wconf 87' lang='lat' dir='ltr'>ab</span> 
     </span>
     <span class='ocr_line' id='line_1_11' title="bbox 260 1546 1371 1630; baseline -0.005 -19"><span class='ocrx_word' id='word_1_72' title='bbox 260 1550 477 1630; x_wconf 80' lang='lat' dir='ltr'>interpretibus</span> <span class='ocrx_word' id='word_1_73' title='bbox 492 1546 738 1607; x_wconf 86' lang='lat' dir='ltr'>animadversum</span> <span class='ocrx_word' id='word_1_74' title='bbox 761 1555 820 1622; x_wconf 89' lang='lat' dir='ltr'>est;</span> <span class='ocrx_word' id='word_1_75' title='bbox 847 1568 955 1607; x_wconf 89' lang='lat' dir='ltr'>vocem</span> <span class='ocrx_word' id='word_1_76' title='bbox 978 1567 997 1605; x_wconf 91' lang='lat' dir='ltr'>a</span> <span class='ocrx_word' id='word_1_77' title='bbox 1012 1549 1034 1625; x_wconf 77' lang='grc' dir='ltr'><strong><em>ρ</em></strong></span> <span class='ocrx_word' id='word_1_78' title='bbox 1047 1548 1245 1626; x_wconf 80' lang='lat' dir='ltr'>incipientem</span> <span class='ocrx_word' id='word_1_79' title='bbox 1261 1549 1371 1627; x_wconf 88' lang='lat' dir='ltr'>postulat</span> 
     </span>
     <span class='ocr_line' id='line_1_12' title="bbox 261 1648 1371 1726; baseline -0.005 -14"><span class='ocrx_word' id='word_1_80' title='bbox 261 1650 523 1712; x_wconf 87' lang='lat' dir='ltr'>ordo-acrostichi.</span> <span class='ocrx_word' id='word_1_81' title='bbox 548 1648 784 1726; x_wconf 82' lang='lat' dir='ltr'>Oonjunctivum</span> <span class='ocrx_word' id='word_1_82' title='bbox 798 1666 872 1705; x_wconf 88' lang='lat' dir='ltr'>vero</span> <span class='ocrx_word' id='word_1_83' title='bbox 887 1668 949 1706; x_wconf 91' lang='lat' dir='ltr'>non</span> <span class='ocrx_word' id='word_1_84' title='bbox 964 1648 1062 1707; x_wconf 86' lang='lat' dir='ltr'>selum</span> <span class='ocrx_word' id='word_1_85' title='bbox 1077 1649 1108 1705; x_wconf 90' lang='lat' dir='ltr'>in</span> <span class='ocrx_word' id='word_1_86' title='bbox 1122 1648 1180 1706; x_wconf 87' lang='lat' dir='ltr'>hoc</span> <span class='ocrx_word' id='word_1_87' title='bbox 1192 1649 1249 1708; x_wconf 86' lang='lat' dir='ltr'>sed</span> <span class='ocrx_word' id='word_1_88' title='bbox 1261 1650 1371 1708; x_wconf 84' lang='lat' dir='ltr'>etianin</span> 
     </span>
     <span class='ocr_line' id='line_1_13' title="bbox 262 1749 1371 1832; baseline -0.005 -19"><span class='ocrx_word' id='word_1_89' title='bbox 262 1753 379 1813; x_wconf 89' lang='lat' dir='ltr'>duobus</span> <span class='ocrx_word' id='word_1_90' title='bbox 396 1750 595 1832; x_wconf 87' lang='lat' dir='ltr'>sequentibus</span> <span class='ocrx_word' id='word_1_91' title='bbox 610 1749 751 1808; x_wconf 87' lang='lat' dir='ltr'>versibus</span> <span class='ocrx_word' id='word_1_92' title='bbox 765 1750 865 1827; x_wconf 91' lang='lat' dir='ltr'>poscit</span> <span class='ocrx_word' id='word_1_93' title='bbox 881 1750 1053 1808; x_wconf 88' lang='lat' dir='ltr'>sententiae</span> <span class='ocrx_word' id='word_1_94' title='bbox 1069 1750 1284 1825; x_wconf 82' lang='lat' dir='ltr'>conformati03</span> <span class='ocrx_word' id='word_1_95' title='bbox 1300 1760 1371 1831; x_wconf 85' lang='lat' dir='ltr'>atque</span> 
     </span>
     <span class='ocr_line' id='line_1_14' title="bbox 261 1849 1374 1927; baseline -0.004 -15"><span class='ocrx_word' id='word_1_96' title='bbox 261 1854 307 1912; x_wconf 87' lang='lat' dir='ltr'>sic</span> <span class='ocrx_word' id='word_1_97' title='bbox 329 1853 361 1911; x_wconf 94' lang='lat' dir='ltr'>hi</span> <span class='ocrx_word' id='word_1_98' title='bbox 383 1870 491 1910; x_wconf 87' lang='lat' dir='ltr'>versus</span> <span class='ocrx_word' id='word_1_99' title='bbox 511 1851 577 1927; x_wconf 87' lang='lat' dir='ltr'>jam</span> <span class='ocrx_word' id='word_1_100' title='bbox 599 1869 617 1907; x_wconf 91' lang='lat' dir='ltr'>a</span> <span class='ocrx_word' id='word_1_101' title='bbox 638 1850 766 1908; x_wconf 88' lang='lat' dir='ltr'>Valesio</span> <span class='ocrx_word' id='word_1_102' title='bbox 788 1849 862 1908; x_wconf 90' lang='lat' dir='ltr'>editi</span> <span class='ocrx_word' id='word_1_103' title='bbox 886 1851 1008 1908; x_wconf 88' lang='lat' dir='ltr'>suntin</span> <span class='ocrx_word' id='word_1_104' title='bbox 1031 1852 1201 1908; x_wconf 72' lang='lat' dir='ltr'>Constantini</span> <span class='ocrx_word' id='word_1_105' title='bbox 1215 1855 1374 1910; x_wconf 78' lang='lat' dir='ltr'>orationooi</span> 
     </span>
     <span class='ocr_line' id='line_1_15' title="bbox 260 1945 1372 2028; baseline 0.001 -19"><span class='ocrx_word' id='word_1_106' title='bbox 260 1960 419 2010; x_wconf 84' lang='lat' dir='ltr'>sanctornm</span> <span class='ocrx_word' id='word_1_107' title='bbox 437 1958 541 2008; x_wconf 82' lang='lat' dir='ltr'>coetum</span> <span class='ocrx_word' id='word_1_108' title='bbox 564 1969 630 2028; x_wconf 88' lang='lat' dir='ltr'>cap.</span> <span class='ocrx_word' id='word_1_109' title='bbox 651 1945 700 2007; x_wconf 87' lang='lat'>18.</span> <span class='ocrx_word' id='word_1_110' title='bbox 723 1968 794 2028; x_wconf 88' lang='lat' dir='ltr'>pag.</span> <span class='ocrx_word' id='word_1_111' title='bbox 818 1947 890 2007; x_wconf 81' lang='lat'><strong>592.</strong></span> <span class='ocrx_word' id='word_1_112' title='bbox 914 1951 950 2008; x_wconf 93' lang='lat' dir='ltr'>B.</span> <span class='ocrx_word' id='word_1_113' title='bbox 982 1949 1022 2007; x_wconf 92' lang='lat' dir='ltr'>ad</span> <span class='ocrx_word' id='word_1_114' title='bbox 1044 1951 1158 2009; x_wconf 74' lang='lat' dir='ltr'>daleam</span> <span class='ocrx_word' id='word_1_115' title='bbox 1184 1953 1323 2010; x_wconf 78' lang='lat' dir='ltr'>Historiae</span> <span class='ocrx_word' id='word_1_116' title='bbox 1338 1970 1372 2009; x_wconf 84' lang='grc' dir='ltr'>α-</span> 
     </span>
     <span class='ocr_line' id='line_1_16' title="bbox 219 2050 1373 2132; baseline 0.001 -22"><span class='ocrx_word' id='word_1_117' title='bbox 219 2080 246 2118; x_wconf 63' lang='lat'>55</span> <span class='ocrx_word' id='word_1_118' title='bbox 263 2056 432 2110; x_wconf 81' lang='lat' dir='ltr'>olosiostiooe</span> <span class='ocrx_word' id='word_1_119' title='bbox 458 2052 571 2110; x_wconf 82' lang='lat' dir='ltr'>Ensooii</span> <span class='ocrx_word' id='word_1_120' title='bbox 601 2052 662 2107; x_wconf 80' lang='lat' dir='ltr'>odit.</span> <span class='ocrx_word' id='word_1_121' title='bbox 691 2050 844 2123; x_wconf 72' lang='lat' dir='ltr'>Mopnntni.</span> <span class='ocrx_word' id='word_1_122' title='bbox 889 2050 1029 2111; x_wconf 83' lang='lat' dir='ltr'>Eandem</span> <span class='ocrx_word' id='word_1_123' title='bbox 1061 2072 1182 2132; x_wconf 89' lang='lat' dir='ltr'>quoque</span> <span class='ocrx_word' id='word_1_124' title='bbox 1216 2053 1373 2131; x_wconf 78' lang='lat' dir='ltr'>scripturam</span> 
     </span>
     <span class='ocr_line' id='line_1_17' title="bbox 262 2144 1373 2237; baseline -0.001 -25"><span class='ocrx_word' id='word_1_125' title='bbox 262 2154 424 2213; x_wconf 84' lang='lat' dir='ltr'>Lactantio</span> <span class='ocrx_word' id='word_1_126' title='bbox 443 2148 664 2211; x_wconf 86' lang='lat' dir='ltr'>restituendam</span> <span class='ocrx_word' id='word_1_127' title='bbox 685 2168 769 2222; x_wconf 87' lang='lat' dir='ltr'>esse,</span> <span class='ocrx_word' id='word_1_128' title='bbox 792 2149 871 2209; x_wconf 89' lang='lat' dir='ltr'>haec</span> <span class='ocrx_word' id='word_1_129' title='bbox 887 2144 1079 2237; x_wconf 85' lang='lat' dir='ltr'>potissimum</span> <span class='ocrx_word' id='word_1_130' title='bbox 1100 2153 1174 2211; x_wconf 91' lang='lat' dir='ltr'>mihi</span> <span class='ocrx_word' id='word_1_131' title='bbox 1194 2154 1373 2233; x_wconf 77' lang='lat' dir='ltr'>persuadent,</span> 
     </span>
     <span class='ocr_line' id='line_1_18' title="bbox 263 2250 1372 2336; baseline -0.001 -23"><span class='ocrx_word' id='word_1_132' title='bbox 263 2254 346 2336; x_wconf 91' lang='lat' dir='ltr'>quod</span> <span class='ocrx_word' id='word_1_133' title='bbox 364 2253 555 2333; x_wconf 82' lang='lat' dir='ltr'>Augustinus</span> <span class='ocrx_word' id='word_1_134' title='bbox 578 2272 700 2332; x_wconf 87' lang='lat' dir='ltr'>quoque</span> <span class='ocrx_word' id='word_1_135' title='bbox 718 2251 751 2308; x_wconf 89' lang='lat' dir='ltr'>in</span> <span class='ocrx_word' id='word_1_136' title='bbox 773 2250 974 2312; x_wconf 89' lang='lat' dir='ltr'>translatione</span> <span class='ocrx_word' id='word_1_137' title='bbox 997 2275 1075 2313; x_wconf 90' lang='lat' dir='ltr'>voce</span> <span class='ocrx_word' id='word_1_138' title='bbox 1096 2259 1225 2328; x_wconf 79' lang='lat' dir='ltr'>rejicient</span> <span class='ocrx_word' id='word_1_139' title='bbox 1244 2275 1312 2315; x_wconf 89' lang='lat' dir='ltr'>usus</span> <span class='ocrx_word' id='word_1_140' title='bbox 1329 2265 1372 2327; x_wconf 82' lang='lat' dir='ltr'>est,</span> 
     </span>
     <span class='ocr_line' id='line_1_19' title="bbox 262 2349 1375 2436; baseline 0.002 -22"><span class='ocrx_word' id='word_1_141' title='bbox 262 2355 406 2436; x_wconf 88' lang='lat' dir='ltr'>quodque</span> <span class='ocrx_word' id='word_1_142' title='bbox 428 2354 521 2413; x_wconf 87' lang='lat' dir='ltr'>facile</span> <span class='ocrx_word' id='word_1_143' title='bbox 540 2361 685 2433; x_wconf 86' lang='lat' dir='ltr'>apparet,</span> <span class='ocrx_word' id='word_1_144' title='bbox 707 2349 858 2431; x_wconf 88' lang='lat' dir='ltr'>quomodo</span> <span class='ocrx_word' id='word_1_145' title='bbox 880 2351 971 2411; x_wconf 87' lang='lat' dir='ltr'>litera</span> <span class='ocrx_word' id='word_1_146' title='bbox 993 2362 1006 2412; x_wconf 91' lang='lat' dir='ltr'>t</span> <span class='ocrx_word' id='word_1_147' title='bbox 1028 2375 1067 2413; x_wconf 85' lang='lat' dir='ltr'>ex</span> <span class='ocrx_word' id='word_1_148' title='bbox 1089 2375 1166 2414; x_wconf 90' lang='lat' dir='ltr'>voce</span> <span class='ocrx_word' id='word_1_149' title='bbox 1189 2359 1375 2435; x_wconf 85' lang='lat' dir='ltr'>praecedente</span> 
     </span>
     <span class='ocr_line' id='line_1_20' title="bbox 261 2452 1373 2539; baseline 0.002 -25"><span class='ocrx_word' id='word_1_150' title='bbox 261 2457 365 2515; x_wconf 88' lang='lat' dir='ltr'>versui</span> <span class='ocrx_word' id='word_1_151' title='bbox 386 2454 570 2514; x_wconf 88' lang='lat' dir='ltr'>adhaeserit.</span> <span class='ocrx_word' id='word_1_152' title='bbox 615 2452 720 2533; x_wconf 85' lang='lat' dir='ltr'>Atque</span> <span class='ocrx_word' id='word_1_153' title='bbox 741 2452 934 2512; x_wconf 89' lang='lat' dir='ltr'>confirmatur</span> <span class='ocrx_word' id='word_1_154' title='bbox 952 2476 1013 2514; x_wconf 89' lang='lat' dir='ltr'>non</span> <span class='ocrx_word' id='word_1_155' title='bbox 1033 2455 1130 2515; x_wconf 89' lang='lat' dir='ltr'>solum</span> <span class='ocrx_word' id='word_1_156' title='bbox 1152 2457 1226 2531; x_wconf 86' lang='lat' dir='ltr'>hoc,</span> <span class='ocrx_word' id='word_1_157' title='bbox 1251 2459 1304 2518; x_wconf 89' lang='lat' dir='ltr'>sed</span> <span class='ocrx_word' id='word_1_158' title='bbox 1321 2461 1373 2539; x_wconf 86' lang='lat' dir='ltr'>ipse</span> 
     </span>
     <span class='ocr_line' id='line_1_21' title="bbox 262 2554 931 2636; baseline -0.006 -20"><span class='ocrx_word' id='word_1_159' title='bbox 262 2576 385 2636; x_wconf 89' lang='lat' dir='ltr'>quoque</span> <span class='ocrx_word' id='word_1_160' title='bbox 408 2555 621 2632; x_wconf 78' lang='lat' dir='ltr'>conjunctivus</span> <span class='ocrx_word' id='word_1_161' title='bbox 644 2573 662 2611; x_wconf 92' lang='lat' dir='ltr'>a</span> <span class='ocrx_word' id='word_1_162' title='bbox 684 2561 788 2612; x_wconf 87' lang='lat' dir='ltr'>nostro</span> <span class='ocrx_word' id='word_1_163' title='bbox 809 2554 931 2614; x_wconf 90' lang='lat' dir='ltr'>codice:</span> 
     </span>
     <span class='ocr_line' id='line_1_22' title="bbox 468 2654 1185 2736; baseline 0.006 -22"><span class='ocrx_word' id='word_1_164' title='bbox 468 2656 510 2714; x_wconf 84' lang='lat' dir='ltr'>Et</span> <span class='ocrx_word' id='word_1_165' title='bbox 531 2654 687 2733; x_wconf 66' lang='lat' dir='ltr'>psittacis</span> <span class='ocrx_word' id='word_1_166' title='bbox 965 2656 1185 2736; x_wconf 79' lang='lat' dir='ltr'>aiaosaabpotoi</span> 
     </span>
     <span class='ocr_line' id='line_1_23' title="bbox 467 2755 1219 2835; baseline -0.007 -20"><span class='ocrx_word' id='word_1_167' title='bbox 467 2755 805 2835; x_wconf 82' lang='lat' dir='ltr'>kaaillaoytonatanta,</span> <span class='ocrx_word' id='word_1_168' title='bbox 1213 2760 1219 2769; x_wconf 86' lang='lat'>&#39;</span> 
     </span>
     <span class='ocr_line' id='line_1_24' title="bbox 259 2855 1373 2941; baseline 0.004 -25"><span class='ocrx_word' id='word_1_169' title='bbox 259 2857 312 2916; x_wconf 90' lang='lat' dir='ltr'>ubi</span> <span class='ocrx_word' id='word_1_170' title='bbox 334 2859 379 2916; x_wconf 90' lang='lat' dir='ltr'>sic</span> <span class='ocrx_word' id='word_1_171' title='bbox 400 2859 500 2937; x_wconf 89' lang='lat' dir='ltr'>spatio</span> <span class='ocrx_word' id='word_1_172' title='bbox 524 2858 657 2917; x_wconf 87' lang='lat' dir='ltr'>discreta</span> <span class='ocrx_word' id='word_1_173' title='bbox 680 2857 884 2937; x_wconf 89' lang='lat' dir='ltr'>praemittitur</span> <span class='ocrx_word' id='word_1_174' title='bbox 905 2855 1017 2915; x_wconf 87' lang='lat' dir='ltr'>vocula</span> <span class='ocrx_word' id='word_1_175' title='bbox 1035 2867 1077 2931; x_wconf 82' lang='lat' dir='ltr'>et,</span> <span class='ocrx_word' id='word_1_176' title='bbox 1100 2880 1179 2939; x_wconf 90' lang='lat' dir='ltr'>quae</span> <span class='ocrx_word' id='word_1_177' title='bbox 1202 2872 1307 2941; x_wconf 89' lang='lat' dir='ltr'>aperte</span> <span class='ocrx_word' id='word_1_178' title='bbox 1321 2864 1373 2921; x_wconf 90' lang='lat' dir='ltr'>ulti·</span> 
     </span>
     <span class='ocr_line' id='line_1_25' title="bbox 259 2958 1375 3043; baseline 0.004 -27"><span class='ocrx_word' id='word_1_179' title='bbox 259 2978 327 3017; x_wconf 90' lang='lat' dir='ltr'>mae</span> <span class='ocrx_word' id='word_1_180' title='bbox 348 2959 561 3038; x_wconf 87' lang='lat' dir='ltr'>praecedentis</span> <span class='ocrx_word' id='word_1_181' title='bbox 583 2961 669 3019; x_wconf 87' lang='lat' dir='ltr'>vocis</span> <span class='ocrx_word' id='word_1_182' title='bbox 690 2958 831 3037; x_wconf 85' lang='lat' dir='ltr'>syllabae</span> <span class='ocrx_word' id='word_1_183' title='bbox 851 2958 1075 3019; x_wconf 87' lang='lat' dir='ltr'>maleiteratae</span> <span class='ocrx_word' id='word_1_184' title='bbox 1089 2960 1226 3022; x_wconf 90' lang='lat' dir='ltr'>debetur.</span> <span class='ocrx_word' id='word_1_185' title='bbox 1263 2966 1375 3043; x_wconf 81' lang='lat' dir='ltr'>Reliqua</span> 
     </span>
     <span class='ocr_line' id='line_1_26' title="bbox 261 3059 849 3121; baseline -0.003 -4"><span class='ocrx_word' id='word_1_186' title='bbox 261 3060 305 3117; x_wconf 91' lang='lat' dir='ltr'>sic</span> <span class='ocrx_word' id='word_1_187' title='bbox 330 3059 459 3121; x_wconf 87' lang='lat' dir='ltr'>Graecis</span> <span class='ocrx_word' id='word_1_188' title='bbox 479 3063 577 3121; x_wconf 88' lang='lat' dir='ltr'>literis</span> <span class='ocrx_word' id='word_1_189' title='bbox 596 3059 759 3120; x_wconf 88' lang='lat' dir='ltr'>scribenda</span> <span class='ocrx_word' id='word_1_190' title='bbox 778 3066 849 3116; x_wconf 89' lang='lat' dir='ltr'>sunt</span> 
     </span>
     <span class='ocr_line' id='line_1_27' title="bbox 425 3160 1227 3239; baseline 0.007 -21"><span class='ocrx_word' id='word_1_191' title='bbox 425 3175 569 3237; x_wconf 78' lang='grc' dir='ltr'><strong><em>ρειψοισιν</em></strong></span> <span class='ocrx_word' id='word_1_192' title='bbox 590 3161 608 3221; x_wconf 84' lang='lat' dir='ltr'>d</span> <span class='ocrx_word' id='word_1_193' title='bbox 628 3161 720 3220; x_wconf 73' lang='lat' dir='ltr'>adesto</span> <span class='ocrx_word' id='word_1_194' title='bbox 738 3160 838 3239; x_wconf 84' lang='grc' dir='ltr'><strong><em>βροτοι</em></strong></span> <span class='ocrx_word' id='word_1_195' title='bbox 860 3180 931 3217; x_wconf 85' lang='grc' dir='ltr'><strong><em>κααι</em></strong></span> <span class='ocrx_word' id='word_1_196' title='bbox 952 3162 1081 3220; x_wconf 77' lang='grc' dir='ltr'><strong><em>πλουτου</em></strong></span> <span class='ocrx_word' id='word_1_197' title='bbox 1102 3185 1227 3239; x_wconf 82' lang='grc' dir='ltr'><strong><em>αταοτα,</em></strong></span> 
     </span>
     <span class='ocr_line' id='line_1_28' title="bbox 260 3259 945 3340; baseline 0.007 -26"><span class='ocrx_word' id='word_1_198' title='bbox 260 3277 340 3336; x_wconf 87' lang='lat' dir='ltr'>quae</span> <span class='ocrx_word' id='word_1_199' title='bbox 362 3259 455 3319; x_wconf 84' lang='lat' dir='ltr'>facile</span> <span class='ocrx_word' id='word_1_200' title='bbox 477 3262 509 3318; x_wconf 88' lang='lat' dir='ltr'>in</span> <span class='ocrx_word' id='word_1_201' title='bbox 530 3260 666 3320; x_wconf 86' lang='lat' dir='ltr'>ordinem</span> <span class='ocrx_word' id='word_1_202' title='bbox 686 3260 786 3337; x_wconf 85' lang='lat' dir='ltr'>redigi</span> <span class='ocrx_word' id='word_1_203' title='bbox 807 3270 945 3340; x_wconf 90' lang='lat' dir='ltr'>possunt.</span> 
     </span>
    </p>
   </div>
   <div class='ocr_carea' id='block_1_5' title="bbox 777 3461 871 3521">
    <p class='ocr_par' dir='ltr' id='par_1_5' title="bbox 777 3461 871 3521">
     <span class='ocr_line' id='line_1_29' title="bbox 777 3461 871 3521; baseline -0.011 -1"><span class='ocrx_word' id='word_1_204' title='bbox 777 3461 871 3521; x_wconf 90' lang='lat' dir='ltr'>Ibid.</span> 
     </span>
    </p>
   </div>
   <div class='ocr_carea' id='block_1_6' title="bbox 256 3612 1372 4318">
    <p class='ocr_par' dir='ltr' id='par_1_6' title="bbox 256 3612 1372 4318">
     <span class='ocr_line' id='line_1_30' title="bbox 343 3612 928 3688; baseline 0.005 -20"><span class='ocrx_word' id='word_1_205' title='bbox 343 3612 527 3686; x_wconf 74' lang='lat' dir='ltr'>„Erythraeo</span> <span class='ocrx_word' id='word_1_206' title='bbox 550 3630 656 3687; x_wconf 76' lang='lat' dir='ltr'>quoqne</span> <span class='ocrx_word' id='word_1_207' title='bbox 676 3615 747 3670; x_wconf 81' lang='lat' dir='ltr'>idom</span> <span class='ocrx_word' id='word_1_208' title='bbox 768 3616 928 3688; x_wconf 81' lang='lat' dir='ltr'>spopondit:</span> 
     </span>
     <span class='ocr_line' id='line_1_31' title="bbox 347 3708 1159 3799; baseline 0.009 -30"><span class='ocrx_word' id='word_1_209' title='bbox 347 3723 349 3727; x_wconf 85' lang='lat'>&#39;</span> <span class='ocrx_word' id='word_1_210' title='bbox 416 3708 495 3792; x_wconf 65' lang='grc' dir='ltr'><strong><em>,ἔργα</em></strong></span> <span class='ocrx_word' id='word_1_211' title='bbox 516 3708 549 3772; x_wconf 79' lang='grc' dir='ltr'>δὲ</span> <span class='ocrx_word' id='word_1_212' title='bbox 567 3712 754 3792; x_wconf 79' lang='grc' dir='ltr'><strong><em>χειροποίητα</em></strong></span> <span class='ocrx_word' id='word_1_213' title='bbox 772 3715 853 3772; x_wconf 78' lang='grc' dir='ltr'><strong><em>θεῶν</em></strong></span> <span class='ocrx_word' id='word_1_214' title='bbox 874 3709 1159 3799; x_wconf 51' lang='grc' dir='ltr'><strong><em>συνεκκαύσονταρίί,</em></strong></span> 
     </span>
     <span class='ocr_line' id='line_1_32' title="bbox 258 3812 1372 3894; baseline 0.002 -22"><span class='ocrx_word' id='word_1_215' title='bbox 258 3812 340 3894; x_wconf 92' lang='lat' dir='ltr'>quod</span> <span class='ocrx_word' id='word_1_216' title='bbox 369 3815 507 3892; x_wconf 90' lang='lat' dir='ltr'>quamvis</span> <span class='ocrx_word' id='word_1_217' title='bbox 536 3815 698 3873; x_wconf 89' lang='lat' dir='ltr'>barbarum</span> <span class='ocrx_word' id='word_1_218' title='bbox 728 3824 830 3873; x_wconf 88' lang='lat' dir='ltr'>tamen</span> <span class='ocrx_word' id='word_1_219' title='bbox 857 3836 962 3875; x_wconf 89' lang='lat' dir='ltr'>omnes</span> <span class='ocrx_word' id='word_1_220' title='bbox 995 3818 1069 3877; x_wconf 89' lang='lat' dir='ltr'>editi</span> <span class='ocrx_word' id='word_1_221' title='bbox 1098 3830 1231 3880; x_wconf 88' lang='lat' dir='ltr'>tuentur.</span> <span class='ocrx_word' id='word_1_222' title='bbox 1278 3820 1372 3880; x_wconf 87' lang='lat' dir='ltr'>Similis</span> 
     </span>
     <span class='ocr_line' id='line_1_33' title="bbox 258 3913 859 3994; baseline -0.002 -21"><span class='ocrx_word' id='word_1_223' title='bbox 258 3922 306 3973; x_wconf 91' lang='lat' dir='ltr'>est</span> <span class='ocrx_word' id='word_1_224' title='bbox 332 3935 441 3974; x_wconf 89' lang='lat' dir='ltr'>versus</span> <span class='ocrx_word' id='word_1_225' title='bbox 461 3916 493 3973; x_wconf 90' lang='lat' dir='ltr'>in</span> <span class='ocrx_word' id='word_1_226' title='bbox 516 3914 659 3994; x_wconf 82' lang='lat' dir='ltr'>Sibyllin.</span> <span class='ocrx_word' id='word_1_227' title='bbox 683 3914 712 3974; x_wconf 84' lang='lat'>3.</span> <span class='ocrx_word' id='word_1_228' title='bbox 736 3936 765 3973; x_wconf 90' lang='lat' dir='ltr'>v.</span> <span class='ocrx_word' id='word_1_229' title='bbox 789 3913 859 3975; x_wconf 88' lang='lat'>618.</span> 
     </span>
     <span class='ocr_line' id='line_1_34' title="bbox 422 4007 1266 4099; baseline 0.009 -25"><span class='ocrx_word' id='word_1_230' title='bbox 422 4013 495 4094; x_wconf 77' lang='grc' dir='ltr'><strong><em>ἔργα</em></strong></span> <span class='ocrx_word' id='word_1_231' title='bbox 516 4012 548 4075; x_wconf 77' lang='grc' dir='ltr'>δὲ</span> <span class='ocrx_word' id='word_1_232' title='bbox 568 4015 753 4095; x_wconf 77' lang='grc' dir='ltr'><strong><em>χειροποίητα</em></strong></span> <span class='ocrx_word' id='word_1_233' title='bbox 773 4007 869 4096; x_wconf 77' lang='grc' dir='ltr'><strong><em>πυρὸς</em></strong></span> <span class='ocrx_word' id='word_1_234' title='bbox 889 4016 978 4099; x_wconf 77' lang='grc' dir='ltr'><strong><em>φλογὶ</em></strong></span> <span class='ocrx_word' id='word_1_235' title='bbox 999 4011 1096 4078; x_wconf 75' lang='grc' dir='ltr'><strong><em>πάντα</em></strong></span> <span class='ocrx_word' id='word_1_236' title='bbox 1117 4025 1266 4099; x_wconf 81' lang='grc' dir='ltr'><strong><em>πεσεῖται,</em></strong></span> 
     </span>
     <span class='ocr_line' id='line_1_35' title="bbox 256 4133 1368 4213; baseline 0.007 -22"><span class='ocrx_word' id='word_1_237' title='bbox 256 4134 309 4193; x_wconf 93' lang='lat' dir='ltr'>ubi</span> <span class='ocrx_word' id='word_1_238' title='bbox 329 4133 512 4213; x_wconf 89' lang='lat' dir='ltr'>Opsopaeus</span> <span class='ocrx_word' id='word_1_239' title='bbox 530 4155 637 4194; x_wconf 89' lang='lat' dir='ltr'>versus</span> <span class='ocrx_word' id='word_1_240' title='bbox 659 4136 855 4197; x_wconf 83' lang='lat' dir='ltr'>Lactantiani</span> <span class='ocrx_word' id='word_1_241' title='bbox 872 4141 1058 4199; x_wconf 89' lang='lat' dir='ltr'>mentionem</span> <span class='ocrx_word' id='word_1_242' title='bbox 1080 4141 1197 4200; x_wconf 85' lang='lat' dir='ltr'>faciens</span> <span class='ocrx_word' id='word_1_243' title='bbox 1219 4161 1237 4200; x_wconf 91' lang='lat' dir='ltr'>e</span> <span class='ocrx_word' id='word_1_244' title='bbox 1261 4161 1314 4200; x_wconf 91' lang='lat' dir='ltr'>suo</span> <span class='ocrx_word' id='word_1_245' title='bbox 1332 4156 1368 4194; x_wconf 77' lang='grc' dir='ltr'>σο·</span> 
     </span>
     <span class='ocr_line' id='line_1_36' title="bbox 259 4226 1369 4318; baseline 0.013 -27"><span class='ocrx_word' id='word_1_246' title='bbox 259 4233 327 4292; x_wconf 89' lang='lat' dir='ltr'>dice</span> <span class='ocrx_word' id='word_1_247' title='bbox 343 4255 399 4312; x_wconf 91' lang='lat' dir='ltr'>pro</span> <span class='ocrx_word' id='word_1_248' title='bbox 422 4226 673 4293; x_wconf 74' lang='grc' dir='ltr'><strong><em>συνεππαύσοοται</em></strong></span> <span class='ocrx_word' id='word_1_249' title='bbox 693 4240 812 4315; x_wconf 87' lang='lat' dir='ltr'>profert</span> <span class='ocrx_word' id='word_1_250' title='bbox 830 4233 1119 4317; x_wconf 77' lang='grc' dir='ltr'><strong><em>παταιιαυθήσονται.</em></strong></span> <span class='ocrx_word' id='word_1_251' title='bbox 1153 4242 1251 4301; x_wconf 84' lang='lat' dir='ltr'>Recte</span> <span class='ocrx_word' id='word_1_252' title='bbox 1267 4242 1369 4318; x_wconf 66' lang='lat' dir='ltr'>utique</span> 
     </span>
    </p>
   </div>
   <div class='ocr_carea' id='block_1_7' title="bbox 256 4335 1368 4505">
    <p class='ocr_par' dir='ltr' id='par_1_7' title="bbox 256 4335 1368 4505">
     <span class='ocr_line' id='line_1_37' title="bbox 258 4335 1368 4424; baseline 0.009 -34"><span class='ocrx_word' id='word_1_253' title='bbox 258 4343 290 4391; x_wconf 90' lang='lat' dir='ltr'>et</span> <span class='ocrx_word' id='word_1_254' title='bbox 312 4335 355 4391; x_wconf 91' lang='lat' dir='ltr'>sic</span> <span class='ocrx_word' id='word_1_255' title='bbox 378 4354 500 4413; x_wconf 88' lang='lat' dir='ltr'>quoque</span> <span class='ocrx_word' id='word_1_256' title='bbox 521 4335 587 4393; x_wconf 85' lang='lat' dir='ltr'>eod.</span> <span class='ocrx_word' id='word_1_257' title='bbox 608 4337 764 4415; x_wconf 60' lang='lat' dir='ltr'>Regiom„</span> <span class='ocrx_word' id='word_1_258' title='bbox 788 4342 841 4420; x_wconf 91' lang='lat' dir='ltr'>qui</span> <span class='ocrx_word' id='word_1_259' title='bbox 862 4351 965 4402; x_wconf 83' lang='lat' dir='ltr'>tamen</span> <span class='ocrx_word' id='word_1_260' title='bbox 984 4351 1146 4421; x_wconf 86' lang='lat' dir='ltr'>praeterea</span> <span class='ocrx_word' id='word_1_261' title='bbox 1166 4343 1250 4402; x_wconf 90' lang='lat' dir='ltr'>aliud</span> <span class='ocrx_word' id='word_1_262' title='bbox 1267 4354 1368 4424; x_wconf 73' lang='lat' dir='ltr'>quoque</span> 
     </span>
     <span class='ocr_line' id='line_1_38' title="bbox 256 4433 1010 4505; baseline 0.019 -17"><span class='ocrx_word' id='word_1_263' title='bbox 256 4433 363 4493; x_wconf 88' lang='lat' dir='ltr'>vitium</span> <span class='ocrx_word' id='word_1_264' title='bbox 382 4435 414 4494; x_wconf 89' lang='lat' dir='ltr'>in</span> <span class='ocrx_word' id='word_1_265' title='bbox 432 4435 491 4494; x_wconf 89' lang='lat' dir='ltr'>hoc</span> <span class='ocrx_word' id='word_1_266' title='bbox 512 4456 603 4495; x_wconf 86' lang='lat' dir='ltr'>versu</span> <span class='ocrx_word' id='word_1_267' title='bbox 625 4438 714 4497; x_wconf 89' lang='lat' dir='ltr'>tollit.</span> <span class='ocrx_word' id='word_1_268' title='bbox 764 4441 813 4502; x_wconf 88' lang='lat' dir='ltr'>Ita</span> <span class='ocrx_word' id='word_1_269' title='bbox 837 4444 918 4503; x_wconf 89' lang='lat' dir='ltr'>enim</span> <span class='ocrx_word' id='word_1_270' title='bbox 939 4444 1010 4505; x_wconf 89' lang='lat' dir='ltr'>ille:</span> 
     </span>
    </p>
   </div>
   <div class='ocr_carea' id='block_1_8' title="bbox 0 0 1446 5184">
    <p class='ocr_par' dir='ltr' id='par_1_8' title="bbox 0 0 1446 5184">
     <span class='ocr_line' id='line_1_39' title="bbox 0 0 1446 5184; baseline 0 0"><span class='ocrx_word' id='word_1_271' title='bbox 0 0 1446 5184; x_wconf 95' lang='lat' dir='ltr'> </span> 
     </span>
    </p>
   </div>
  </div>
 </body>
</html>
