2884 5184
381 487 494 535 Arno
515 485 807 535 oneraremus.
1106 474 1166 536 143

58 682 144 743 αραιον
161 676 211 722 σαι
232 682 309 721 osvo
328 665 401 734 καίς
422 660 466 722 dd
488 682 569 723 ανιω
587 679 684 738 εφανη
704 679 757 720 κον
779 663 972 739 adoptemur
990 679 1092 720 παντο)
1107 682 1168 721 ταν

57 769 134 843 syrte
152 778 290 842 ηγαπησε
309 765 363 822 ναν
381 782 464 822 aare
485 766 623 841 ιφνίησεν
645 781 684 834 ας
703 761 783 823 adrev
802 781 900 821 τοοον.

114 866 169 924 Hie
189 866 296 924 statim
312 866 346 923 in
368 866 474 926 oeulos
496 863 637 936 incurrit,
661 863 768 923 literas
789 882 838 922 πει
857 882 899 934 εις
916 883 987 936 νον,
1011 885 1088 945 quas
1109 886 1164 925 un·

54 967 83 1024 eis
100 965 288 1038 inclusimus,
307 984 326 1023 a
348 965 475 1025 librario
493 965 574 1025 male
592 965 640 1024 bis
660 966 777 1044 positas
796 984 876 1025 esse.
902 964 969 1024 Iam
982 985 1057 1025 voro
1079 966 1164 1027 vide·

53 1087 110 1140 nus,
128 1067 257 1145 primum
280 1062 342 1126 irtel
364 1067 506 1126 omissum
529 1085 613 1142 esso,
635 1065 691 1126 sed
711 1068 771 1127 boe
791 1065 941 1126 malumus
962 1066 1088 1128 librario
1111 1069 1164 1129 ad-

51 1169 173 1240 scribere,
195 1170 344 1248 quoniam
370 1171 403 1228 in
424 1168 545 1227 Latinis
574 1175 676 1227 exstat
700 1171 765 1241 quta
791 1170 942 1226 tenendum
968 1169 1053 1242 feeit·
1079 1167 1164 1229 vide-

50 1289 98 1327 nus
113 1277 274 1348 praeterea
303 1278 373 1349 post
400 1266 568 1329 seeundum
598 1262 674 1342 ἐπεὶ,
709 1275 744 1326 ut
776 1269 869 1327 etiam
901 1269 932 1327 in
960 1271 1166 1351 manuscripto

49 1379 129 1429 nostro
149 1371 344 1444 Hermetioo,
368 1352 425 1429 ode
444 1368 525 1429 bene
545 1366 682 1428 additum
704 1388 789 1442 esse,
812 1368 902 1447 (ειποι
917 1391 958 1429 νν
977 1370 1057 1431 enim
1075 1371 1164 1431 vitiu·

49 1479 96 1529 tum
114 1480 156 1530 est
172 1470 372 1549 transpositis
392 1471 491 1530 literis
518 1489 573 1549 pro
599 1464 660 1528 bat
686 1454 756 1542 ode)
784 1479 878 1551 atque
907 1454 963 1531 οὖν
989 1492 1112 1553 quoque
1133 1474 1166 1531 in

49 1571 209 1631 editionibus
229 1571 390 1631 veteribus
411 1572 490 1650 logi,
520 1569 576 1630 sod
602 1559 647 1631 dat
671 1591 727 1650 pro
758 1566 834 1647 eut,
860 1591 954 1652 supra
983 1574 1164 1634 notavimus.

48 1670 191 1732 Praeterea
213 1660 323 1753 aperte
349 1672 449 1732 codex
476 1661 613 1750 ἠγάπησε
638 1672 810 1747 confirmat,
836 1673 961 1734 aliunde
981 1676 1049 1752 jam
1076 1675 1165 1734 nobis

49 1771 171 1845 oblatum,
195 1772 284 1853 quod
303 1774 370 1833 sine
394 1773 486 1834 dubio
509 1792 634 1854 quoquo
661 1774 694 1832 iu
718 1774 830 1834 vitioso
854 1767 998 1854 ἠμσατηιι
1025 1774 1166 1836 editionis

49 1870 182 1932 llatuit.
240 1874 328 1934 Leve
356 1884 520 1954 praeterea
549 1884 611 1948 est,
641 1874 723 1955 quod
755 1871 930 1954 ἐνομίσαμεν
955 1876 1084 1958 praebet
1109 1898 1165 1957 pro

49 1972 229 2051 νενομίκαμεν,
252 1976 313 2034 nisi
333 1977 431 2056 ipsam
450 1977 607 2037 literarum
631 1975 819 2038 Graecarum
840 1978 1021 2039 divisionem
1041 1980 1074 2037 in
1089 1978 1165 2040 duas

50 2072 124 2134 lineas
145 2096 283 2157 sequens
304 2076 411 2137 literas
437 2078 482 2138 sio
507 2076 631 2139 ordines
655 2081 739 2138 ναίει
766 2095 973 2156 νενομισαμον,
1002 2082 1046 2139 ita
1071 2090 1105 2139 ut
1131 2083 1164 2141 in

49 2175 127 2234 καλεῖν
141 2177 237 2238 finale
261 2200 280 2236 ν
300 2186 335 2237 ut
357 2178 537 2258 saepissime
558 2179 712 2258 abjectum
734 2180 787 2252 sit,
815 2179 848 2238 in
874 2177 1068 2256 νενομίκαμεν
1089 2201 1164 2240 vero

49 2274 145 2336 solenni
163 2280 276 2338 harum
302 2279 460 2340 literarum
486 2279 568 2360 apud
596 2288 733 2340 nostrum
756 2278 913 2339 librarium
940 2279 1119 2339 confusione
1147 2297 1166 2339 o

48 2393 89 2452 pro
107 2398 124 2435 κ
142 2380 291 2459 seriptum
312 2380 353 2440 sit
374 2381 420 2459 (ut
441 2381 543 2440 statim
560 2390 670 2462 postea
689 2395 738 2439 σαν
759 2399 814 2460 pro
836 2378 909 2457 καί).
953 2380 1069 2441 Verum
1086 2381 1165 2442 haee

49 2475 176 2539 inlinens
197 2480 359 2541 literarum
377 2481 488 2541 divisio
509 2483 542 2541 in
559 2481 783 2561 conjungendis
805 2489 837 2541 et
862 2481 1073 2561 disjungendis
1094 2481 1163 2543 lite-

46 2576 78 2633 ris
94 2598 144 2639 nos
166 2581 284 2643 ducere
305 2584 427 2664 nequit3
464 2584 510 2643 sio
537 2592 647 2663 postea
676 2581 729 2641 καί
757 2583 802 2642 ita
830 2582 961 2643 divisum
990 2593 1051 2658 est,
1080 2594 1114 2645 ut
1146 2605 1166 2644 u

47 2681 225 2753 praecedenti
242 2684 347 2745 lineam
367 2685 544 2745 adhaereat.
572 2681 636 2743 Sed
654 2683 734 2743 haee
755 2704 837 2745 nuno
857 2705 921 2745 non
937 2705 1046 2745 moror.
1068 2685 1164 2746 Ante·

48 2798 120 2858 quan
139 2804 215 2845 vero
236 2785 277 2844 ad
295 2784 391 2845 verba
409 2784 570 2864 deplorata
590 2774 733 2863 περὶγὰρ
759 2778 866 2844 τούτου
888 2794 946 2845 eto.
982 2787 1165 2861 aoeedimns,

48 2883 182 2965 paulisper
200 2889 235 2947 in
256 2887 439 2946 sententiam
464 2885 557 2945 totius
582 2883 746 2962 fragmenti
773 2885 987 2966 inquirendum
1014 2897 1076 2960 est,
1104 2909 1165 2968 quo

47 2978 150 3044 firmiori
169 2997 281 3067 postea
301 2986 498 3047 fundamento
517 2986 691 3045 innitamur.
722 2983 837 3064 Opifex
857 2987 962 3067 itaque
979 2988 1085 3048 mundi
1099 2978 1165 3048 sive

49 3098 158 3144 summus
180 3087 259 3148 deus
279 3084 447 3147 seeundum
465 3085 556 3147 deum
574 3105 754 3167 procreasse
776 3085 887 3145 dieitur
916 3105 960 3147 errv
982 3107 1034 3163 se,
1058 3088 1163 3149 visibi-

47 3178 93 3241 lem
107 3194 135 3245 ot
154 3188 344 3249 sensibilem.
387 3186 563 3248 Secundum
580 3189 661 3248 huno
683 3185 788 3261 deum,
805 3207 824 3246 a
845 3188 943 3269 primo
960 3200 1164 3272 procreatum,

48 3282 101 3358 pius
121 3285 361 3349 Christianorum
383 3290 500 3350 animus
523 3289 562 3351 de
587 3289 611 3351 J
613 3310 667 3351 esu
691 3286 813 3349 Christo
834 3290 1004 3370 intellexit,
1026 3293 1162 3375 Neopla·

47 3385 123 3444 tonioi
136 3408 230 3462 vero,
253 3410 270 3450 e
295 3411 423 3472 qnorum
451 3390 615 3471 disciplina
642 3391 820 3451 Hermetioa
846 3391 1019 3472 fragmenta
1043 3396 1164 3477 prodie-

48 3494 114 3560 runt,
133 3490 294 3566 mnndum,
316 3492 366 3553 dei
385 3493 567 3571 imaginem,
590 3492 751 3573 ipsumque
773 3492 909 3554 divinum
933 3497 1164 3558 intellexerunt.

47 3581 95 3645 llio
112 3590 218 3672 itaque
239 3593 392 3653 secundus
413 3593 489 3653 deus
510 3593 576 3652 sive
598 3593 728 3669 mundus
753 3583 858 3672 ὁρατὸς
884 3602 932 3653 est
954 3603 985 3654 et
1013 3590 1165 3672 αἰσθητός.

48 3681 165 3751 Vocatur
191 3712 268 3753 vero
296 3683 438 3773 αἰσθητὸς
464 3695 530 3753 sive
557 3692 727 3766 sensibilis,
756 3712 818 3751 non
845 3691 928 3771 quod
951 3693 1017 3771 ipse
1043 3695 1164 3767 sentiat,

48 3788 85 3842 ⁸⁶1¹
101 3797 171 3864 qaod
194 3797 342 3855 videntum
368 3813 467 3856 sensam
493 3800 635 3866 insumat,
662 3801 696 3854 nt
721 3788 886 3872 Asclepius
913 3791 1042 3871 Apuleji
1062 3792 1164 3853 babet.

48 3883 134 3969 Atque
153 3894 233 3955 haee
253 3914 327 3956 sane
347 3896 442 3976 plana
470 3904 549 3957 sunt.
594 3894 658 3955 Sed
684 3893 835 3975 quomodo
859 3893 938 3953 haee
966 3913 1006 3953 ex
1035 3891 1164 3953 Graecis

50 3989 133 4051 vorbis
158 3984 227 4053 ἀλλ’
251 3986 296 4054 ὅτι
318 3993 358 4067 είς
378 3994 520 4074 αἴσθησιν
539 3988 704 4071 ὑποπέμπει
726 3990 777 4053 καί
798 3990 838 4063 είς
861 3995 936 4051 νοῦν
961 3993 1080 4067 elicias,
1110 3986 1167 4052 ne·¹

49 4088 106 4147 seio.
139 4094 228 4156 Haeo
247 4097 302 4156 vix
320 4097 413 4157 alium
433 4115 555 4157 sensnm
573 4095 702 4167 hebent,
730 4111 820 4173 quam
843 4092 933 4152 deum
954 4095 1034 4154 huno
1056 4091 1164 4169 αίιθη-

50 4172 90 4244 τίν
104 4196 221 4269 voeori,
240 4215 302 4255 non
325 4198 408 4278 quod
426 4199 493 4277 ipse
512 4199 639 4270 sentiat,
666 4194 721 4256 sed
747 4193 829 4274 quod
852 4192 920 4253 aliis
940 4192 1092 4256 sentiendi
1111 4212 1164 4252 au·

50 4292 100 4346 otor
118 4294 164 4354 sit.
208 4296 323 4378 Neque,
342 4298 446 4371 aliter,
469 4298 605 4357 silentio
624 4317 715 4369 sona,
733 4295 912 4354 Lactantius
936 4296 968 4352 in
991 4296 1122 4373 epitome
1143 4293 1164 4353 l.

49 4382 65 4442 l·
79 4393 165 4453 verbs
184 4396 264 4455 haee
287 4398 446 4478 aeoepisse
465 4395 597 4470 videtur,
612 4396 709 4456 verba
728 4395 806 4454 haec
820 4393 932 4452 Latine
952 4394 995 4453 ita
1014 4393 1163 4454 reddens:

40 4485 93 4545 Sed
108 4498 179 4566 qaod
197 4502 226 4555 ν’νο
249 4514 361 4557 sensum
386 4502 474 4556 mittat
500 4505 527 4556 et
547 4502 642 4556 nsum.
693 4496 809 4557 Verum
834 4502 997 4573 praeterea
1024 4495 1092 4575 quis
1120 4503 1167 4555 est
