2884 5184
237 482 353 529 xxvlu
560 478 645 524 vm
667 477 745 525 CAR.
770 476 900 524 LUDOV.
921 474 1065 522 STRUVE.

237 673 312 716 eum
333 650 484 716 videmus
506 648 541 711 in
562 649 752 733 angustiore
780 646 905 734 aliquot
931 655 1151 734 spectatarum
1177 645 1393 709 familiarum

238 751 360 815 circulo
389 750 503 812 amieis
532 748 633 835 probe
661 749 905 832 consulentem,
930 770 1050 833 eosque
1080 747 1123 811 ad
1152 750 1254 813 vitam
1283 747 1394 811 dulce
1437 806 1438 835 ,

238 851 406 939 hilareque
437 848 601 934 agendum
629 857 835 932 evocantem,
872 849 968 915 modo
1000 850 1313 931 animadvertimus,
1356 851 1395 912 in

238 954 417 1039 majoribus
440 951 607 1015 hominum
629 950 790 1016 nobilium
820 960 853 1015 et
875 952 996 1016 civium
1021 951 1168 1015 coetibus
1190 952 1395 1036 opinionem

238 1059 335 1121 istam
357 1055 460 1120 abeo
488 1053 609 1133 minui,
635 1052 745 1116 studia
774 1051 944 1117 literarum
973 1054 1183 1140 asperitatem
1211 1053 1395 1139 quandam

238 1179 364 1222 morum
383 1179 423 1220 ac
444 1156 587 1239 rigorem
608 1154 690 1218 viris
713 1152 818 1218 doctis
840 1154 968 1237 indere,
991 1178 1055 1242 quo
1079 1176 1100 1218 a
1120 1162 1306 1218 ceterorum
1326 1154 1394 1217 ho-

237 1260 362 1323 minum
384 1263 548 1322 conventu
569 1263 770 1319 avertantur.
808 1258 905 1320 Anno
938 1258 1028 1320 1814.
1056 1263 1158 1319 morte
1182 1256 1213 1318 ei
1238 1254 1395 1340 abrepta

238 1369 289 1423 est
311 1360 447 1423 minima
468 1364 548 1421 natu
568 1356 637 1419 filia
649 1356 817 1441 Augusta,
841 1367 873 1421 et
895 1356 992 1421 simul
1006 1357 1070 1422 duo
1092 1356 1149 1420 alii
1169 1354 1266 1419 liberi
1282 1357 1393 1439 gravi

237 1460 350 1526 morbo
371 1460 522 1546 correpti.
566 1459 707 1544 Magnus
736 1458 812 1522 inde
841 1457 949 1522 luctus
978 1467 1011 1521 et
1036 1467 1142 1522 metus
1170 1458 1391 1542 parentibus,

238 1561 477 1645 „Utinamne“,
500 1560 595 1624 fratri
624 1561 754 1642 scribit,
788 1568 982 1646 „parentum
1012 1561 1112 1624 animi
1141 1559 1247 1642 magis
1276 1559 1392 1622 etiam

238 1663 448 1748 affligantur3
468 1671 556 1725 certe
578 1662 825 1742 conciderent“;
861 1670 894 1724 et
921 1662 955 1724 in
979 1661 1044 1725 fine
1070 1661 1228 1747 Excerpti
1250 1683 1296 1724 ex
1325 1660 1391 1724 Ti-

238 1764 324 1827 maei
347 1763 452 1825 lexico
472 1761 643 1826 Platonico
666 1762 749 1825 haec
771 1760 878 1825 addit:
902 1762 1063 1850 „Propter
1085 1762 1205 1827 filiolae
1226 1762 1390 1826 morbum

239 1873 273 1927 et
291 1871 445 1944 mortem,
469 1861 566 1926 eheu!
596 1871 629 1926 et
650 1871 831 1927 ceterorum
858 1885 932 1926 cum
961 1863 1136 1929 liberorum
1160 1872 1231 1927 tum
1261 1864 1390 1926 uxoris

238 1963 462 2031 valetudinem
489 1965 597 2030 minus
627 1987 816 2051 prosperam
849 1964 977 2028 finitum
1000 1964 1129 2029 demum
1157 1963 1188 2027 (1.
1221 1966 1251 2028 8.
1274 1964 1388 2027 Febr.

242 2069 356 2130 1815ss
400 2064 556 2152 Sequenti
576 2088 662 2130 anno
679 2066 792 2152 (1815)
809 2066 954 2129 animum
976 2066 1080 2132 variis
1104 2066 1192 2131 curis
1215 2063 1389 2150 defatiga-

239 2178 308 2233 tum
341 2167 506 2233 relaxavit
538 2169 653 2232 itinere
683 2188 757 2231 cum
789 2188 893 2231 uxore
919 2168 1097 2254 liberisque
1129 2168 1163 2230 in
1192 2164 1389 2229 Holsatiam

240 2277 403 2355 suscepto,
425 2280 461 2336 ut
483 2279 636 2356 parentes
664 2269 825 2334 reviseret
852 2270 1039 2333 carissimos
1069 2279 1102 2334 et
1128 2268 1252 2354 nuptiis
1275 2267 1390 2331 inter-

239 2381 327 2436 esset
361 2371 532 2436 Guilielmi
562 2372 688 2454 fratris,
722 2371 918 2456 professoris
948 2369 1020 2456 jam
1048 2379 1118 2434 tum
1145 2370 1387 2454 Dorpatensis.
1440 2362 1441 2405 l

240 2473 407 2553 Quantum
429 2473 493 2537 fuit
516 2473 588 2559 ejus
602 2473 759 2558 gaudium
779 2474 813 2535 in
829 2479 964 2557 aspectu
983 2472 1110 2557 patriae
1128 2470 1389 2536 dilectissimae!

240 2573 362 2638 Scribit
387 2573 427 2636 de
446 2573 508 2636 hac
527 2596 562 2637 re
584 2574 689 2637 amico
707 2571 924 2636 Rambachio:
948 2571 1033 2654 „Est
1051 2571 1097 2635 ibi
1118 2571 1215 2658 plane
1236 2569 1302 2633 alia
1325 2595 1388 2635 oo-

119 2674 127 2689 *
239 2696 303 2760 que
325 2671 491 2761 pulchrior
512 2682 609 2755 terra,
632 2671 698 2738 alia
716 2695 819 2759 eoque
843 2671 960 2737 laetior
981 2673 1118 2739 vivendi
1139 2673 1233 2738 ratic.
1252 2670 1389 2737 Altona

239 2797 278 2839 ac
312 2775 403 2860 regio
432 2775 497 2838 ista
532 2775 596 2838 ‘sit
629 2796 720 2839 meae
752 2775 847 2839 sedes
881 2776 1006 2839 utinam
1037 2780 1217 2840 senectae’.
1273 2772 1387 2857 Quid,

239 2900 339 2965 quum
361 2876 923 2943 aTravemundio“—maritimum
942 2877 1004 2940 iter
1028 2885 1064 2940 ut
1087 2874 1266 2962 simplicius
1283 2898 1386 2962 prae-

237 2980 422 3044 tulerat-
449 2977 677 3061 „Lubeckiam
704 2988 819 3045 vectus
842 3000 939 3064 agros
963 2999 1074 3042 omnes
1095 2976 1166 3043 vidi
1191 2981 1272 3043 viva
1298 3000 1385 3064 sepe

238 3080 475 3147 efflorescentia
496 3079 624 3144 rhamni
645 3080 882 3145 circumdatos!
911 3079 1064 3164 Denique
1084 3076 1270 3165 praeclarae
1291 3081 1385 3145 istae

238 3182 390 3266 regiones
414 3179 456 3242 ad
476 3180 581 3266 ripam
600 3179 695 3244 Albis
719 3182 818 3243 sitae!
841 3179 1024 3266 Obstupui3
1055 3176 1183 3243 dulcem
1205 3180 1303 3265 hujus
1326 3204 1381 3245 re-

238 3281 346 3366 gionis
368 3280 556 3342 memoriam
578 3281 654 3344 inde
670 3303 712 3344 ex
727 3281 869 3367 pueritia
885 3302 1110 3363 servaveram,
1135 3279 1261 3365 dulcior
1276 3282 1383 3345 etiam

239 3383 347 3465 imago
369 3402 457 3443 nunc
476 3380 557 3444 mihi
580 3403 614 3445 se
632 3380 786 3445 obtulit.“
828 3381 905 3467 Ipso
935 3381 1083 3447 sollemni
1102 3382 1290 3467 nuptiarum
1310 3382 1384 3446 fra-

238 3483 299 3546 tris
330 3490 406 3544 actu
434 3481 568 3544 nuntius
597 3482 715 3546 allatus
743 3491 794 3546 est
826 3482 866 3546 de
896 3484 1036 3548 victoria
1066 3481 1108 3547 ad
1129 3483 1241 3548 vicum
1263 3482 1384 3547 Bonae

238 3582 485 3649 Foederationis
501 3581 781 3672 [Belle-Alliance]
795 3585 836 3648 de
847 3583 1073 3670 Francogallis
1090 3590 1266 3669 reportata.
1289 3582 1382 3648 Scri-

236 3686 286 3750 bit
306 3683 426 3747 amico:
456 3684 668 3766 „Orationem
697 3689 854 3751 antistitis
883 3708 1049 3750 sacrorum
1074 3684 1243 3772 pulchram
1271 3685 1384 3750 fuisse

136 3799 139 3804 '
238 3786 367 3869 dicunt3
392 3785 543 3872 equidem
565 3789 692 3870 nescio,
710 3791 923 3853 memineram
938 3786 1124 3868 Bluccheri,
1146 3784 1383 3870 Wellingtonii

237 3897 270 3953 et
283 3890 435 3973 generosi
454 3887 793 3953 Brunsvico-Oelsii.“
835 3890 900 3954 Per
920 3911 979 3953 sex
993 3887 1213 3952 hebdomades
1233 3887 1382 3973 beatam,

236 3990 391 4072 hilarem,
420 3989 559 4053 otiosam
579 3989 682 4052 vitam
709 3991 797 4054 inter
822 3999 992 4077 parentes,
1022 3998 1178 4074 cognatos
1207 3989 1380 4075 produxit,

237 4091 355 4156 deinde
382 4089 626 4175 Regimontium
652 4090 768 4174 rediit,
798 4113 904 4178 neque
929 4090 1069 4177 amplius
1094 4090 1211 4155 revisit
1235 4092 1382 4176 patriam

237 4193 449 4256 carissimam.

321 4291 396 4354 Etsi
417 4289 573 4356 lectiones
597 4294 632 4356 in
655 4294 828 4379 gymnasio
849 4291 1020 4357 habendae
1041 4299 1074 4355 et
1094 4295 1188 4356 varia
1204 4291 1380 4357 directoris

237 4386 511 4453 officia·multum
548 4393 702 4477 temporis
738 4392 988 4475 consumebant,
1016 4391 1229 4456 nihilominus
1265 4401 1381 4455 tamen

238 4487 306 4549 acri
328 4488 435 4550 studio
457 4488 560 4553 literis
588 4512 623 4554 se
649 4491 758 4575 dedit,
786 4492 989 4581 aliquantum
1015 4501 1195 4565 commotus
1224 4499 1321 4576 grata
1344 4499 1381 4553 et
