2884 5184
356 475 439 522 VITA
462 476 540 525 CAR.
563 478 692 525 LUDOV.
716 478 862 528 STRUVE.
1085 483 1186 530 XXVII

49 646 302 729 cellentissimis,
324 646 570 729 illustrissimis,
593 648 810 731 doctissime,
833 651 953 737 quibus
976 673 1055 714 cura
1078 674 1186 716 rerum

53 748 315 813 scholasticarum
337 748 478 836 Dorpati
499 751 673 813 commissa
690 754 796 833 erat“,
818 752 995 818 dedicavit.

129 851 250 915 Struve
272 859 399 934 autem,
422 848 600 932 codicillis,
630 851 750 936 quibus
772 874 891 916 munus
918 852 1001 916 illud
1024 854 1055 916 ei
1075 853 1183 917 trade-

52 960 151 1034 retur,
174 951 320 1015 nondum
342 953 503 1038 acceptis,
525 973 566 1014 ne
594 951 750 1017 idoneum
780 952 926 1018 diflicilia
954 954 1082 1017 itineris
1109 977 1183 1018 cum

53 1053 172 1118 familia
202 1052 395 1140 perficiendi
426 1063 555 1141 tempus
592 1056 885 1142 praetermitteret,
921 1053 1030 1118 media
1060 1063 1184 1119 aestate

53 1156 291 1240 Regimontium
310 1164 360 1219 111
382 1154 566 1241 profectus,
593 1178 656 1243 quo
679 1154 870 1220 advenienti
896 1153 1010 1218 traditi
1037 1162 1184 1219 11111111-

54 1256 160 1322 dicilli.
202 1255 387 1321 Confestim
409 1259 512 1339 omni,
536 1279 606 1344 qua
622 1281 703 1345 opus
724 1265 795 1321 erat
802 1304 810 1336 ,
831 1256 866 1317 vi
888 1262 921 1318 et
943 1256 1185 1343 circumspecti·

54 1380 108 1422 one
141 1358 288 1422 muneris
315 1356 444 1422 labores
472 1360 626 1445 suscepit.
675 1358 791 1443 Neque
819 1364 906 1420 certe
930 1353 1004 1421 leve
1031 1367 1102 1422 erat
1123 1357 1185 1424 hoe

54 1459 228 1544 negotium,
251 1460 372 1523 etenim
394 1458 505 1524 schola
527 1458 557 1521 ei
575 1457 699 1536 tradita
720 1457 869 1545 plurimis
890 1458 982 1521 vitiis
1002 1456 1183 1539 laborabat,

55 1581 131 1645 quae
148 1560 271 1643 partim
293 1582 336 1623 ex
357 1560 612 1645 circumscriptis
634 1559 813 1640 reditibus,
836 1559 956 1644 partim
977 1580 1021 1622 ex
1040 1561 1185 1627 imbecil-

54 1662 136 1726 litate
159 1662 401 1726 senescentium
418 1661 489 1746 jam
510 1669 758 1747 praeceptorum
780 1659 978 1725 oriebantur.
1009 1659 1186 1728 Praeterea

55 1763 204 1843 director,
227 1783 331 1849 quum
351 1762 578 1847 undetriginta
599 1783 703 1826 annos
725 1771 821 1826 natus
850 1769 952 1843 esset,
982 1764 1090 1828 minor
1113 1777 1184 1832 erat

54 1864 166 1950 majore
189 1870 439 1952 praeceptorum
462 1884 615 1946 numero,
644 1863 782 1928 vixdum
816 1864 912 1926 annis
942 1885 1101 1950 superans
1125 1867 1183 1933 ali-

55 1974 124 2052 quot
143 1968 271 2053 primae
294 1963 411 2028 classis
434 1963 622 2052 discipulos.
677 1964 896 2030 Nihilominus
922 1973 1032 2030 tamen
1053 1970 1182 2033 animus

56 2066 119 2151 ejus
140 2066 254 2153 agilis,
278 2074 432 2143 constans
456 2075 489 2130 et
510 2088 643 2131 severus
664 2067 724 2131 has
751 2065 962 2131 difficultates
991 2067 1089 2133 facile
1110 2093 1182 2156 per-

56 2169 143 2249 vicit,
164 2176 197 2231 et
220 2175 299 2254 post
320 2188 442 2253 paucos
472 2189 576 2233 annos
600 2177 633 2231 et
659 2167 859 2253 collegarum
887 2177 920 2231 et
948 2167 1183 2256 discipulorum

57 2277 85 2331 et
104 2270 211 2351 etiam,
244 2268 331 2354 quod
360 2290 522 2333 summum
548 2278 635 2350 erat,
663 2269 809 2354 ipsorum
834 2270 958 2334 civium
986 2271 1112 2333 animos
1137 2273 1184 2336 ita

57 2365 113 2430 sibi
131 2366 383 2451 conciliaverat,
412 2378 449 2432 ut
468 2380 621 2456 parentes
641 2371 784 2434 libenter
803 2367 880 2432 huie
901 2373 1075 2455 gymnasio
1097 2371 1182 2438 filios

57 2467 209 2532 traderent
232 2476 267 2531 et
285 2469 396 2534 schola
409 2472 610 2534 incrementa
629 2477 761 2555 caperet
776 2472 1022 2555 exspectatione
1039 2474 1183 2539 omnium

57 2567 188 2634 laetiora.
213 2570 434 2656 Gymnasium
456 2569 553 2652 illud,
578 2570 665 2656 quod
685 2570 762 2634 inde
784 2571 826 2635 ab
848 2594 933 2638 anno
953 2574 1043 2636 1811.
1059 2573 1184 2658 eadem,

58 2692 130 2755 quae
156 2670 341 2756 Collegium
373 2671 514 2756 Regium
546 2670 825 2754 Fridericianum,
857 2673 935 2758 jura
964 2681 997 2737 et
1033 2674 1184 2741 instituta

59 2770 173 2836 scholae
197 2772 365 2837 literariae
385 2780 574 2860 acceperat,
597 2772 847 2837 administrante
870 2773 992 2838 Patruo
1018 2777 1065 2839 ita
1092 2777 1182 2843 efflo-

58 2873 128 2953 ruit,
149 2883 200 2956 ut,
228 2882 402 2960 postquam
423 2873 539 2961 primis
562 2874 657 2937 annis
677 2872 844 2958 usquead
866 2882 1041 2938 exeuntem
1063 2899 1185 2941 annum

61 2973 129 3036 1818
149 2977 260 3040 varias
289 2973 330 3039 cb
358 2995 476 3038 causas
505 2972 742 3059 discipulorum
769 2995 923 3037 numerus
954 2975 1041 3037 intra
1069 2980 1127 3039 163
1151 2986 1185 3041 et

59 3073 110 3136 1110
130 3083 301 3142 contentus
321 3084 386 3156 est,
411 3098 440 3139 a.
468 3076 559 3138 1819.
583 3074 718 3139 haberet
741 3077 802 3138 303
824 3073 1020 3161 discipulos,
1039 3097 1069 3139 a.
1093 3077 1183 3141 1824.

58 3194 126 3239 vero
152 3179 210 3240 391
240 3185 274 3241 et
303 3176 381 3240 inde
409 3175 450 3240 ab
474 3175 530 3242 illo
553 3185 699 3263 tempore
725 3176 897 3262 usquead
927 3198 956 3240 a.
983 3179 1075 3242 1832.
1099 3178 1185 3243 intra

59 3275 111 3336 350
141 3285 173 3340 et
194 3280 269 3342 400.
315 3276 580 3342 Consentaneum
608 3289 675 3359 est,
708 3301 782 3342 cum
809 3278 1020 3343 incrementis
1052 3278 1183 3346 scholae

59 3396 177 3461 operam
198 3400 329 3465 quoque
354 3377 525 3443 directoris
548 3402 620 3445 csse
649 3388 792 3462 auctam3
816 3379 904 3444 solus
923 3381 1010 3443 enim
1032 3381 1090 3462 iis,
1113 3382 1182 3466 qui-

58 3475 112 3541 bus
130 3479 461 3560 summa,scholarum
482 3501 561 3545 cura
582 3480 703 3545 tradita
726 3491 812 3564 erat,
833 3483 993 3545 rationem
1015 3480 1185 3561 reddebat,

59 3580 237 3660 parentibus
268 3581 309 3646 de
339 3584 449 3668 pueris
482 3582 547 3647 sibi
580 3581 714 3647 creditis
743 3581 918 3646 referebat.
961 3579 1054 3643 Idem
1080 3602 1183 3644 novos

60 3677 173 3744 reditus
207 3682 338 3747 scholae
366 3684 577 3770 comparabat
602 3691 651 3763 11,
679 3705 781 3767 quum
808 3689 941 3766 propter
967 3678 1185 3763 frequentiam

61 3775 282 3867 discipulorum
302 3782 424 3848 classes
446 3784 595 3849 dividere
617 3805 698 3868 opus
721 3789 823 3861 11111,
839 3801 942 3843 novos
958 3788 1184 3865 praeceptores

61 3877 200 3964 eligebat.
246 3885 312 3949 Res
343 3908 422 3951 vero
452 3886 525 3971 ejus
559 3885 757 3951 domesticae
787 3879 939 3944 laetiores
962 3888 1038 3944 sunt
1065 3880 1183 3960 factae,

60 4000 154 4066 neque
177 3983 333 4071 amplius,
356 4007 456 4071 quum
481 3987 639 4072 grandior
659 3984 800 4072 pecunia
826 3983 858 4044 ei
879 3981 1012 4061 rediret,
1034 3980 1074 4044 de
1096 3979 1183 4043 alen-

62 4077 106 4143 dis
131 4087 197 4149 suis
219 4085 398 4170 liberisque
418 4087 503 4152 bene
523 4086 713 4173 erudiendis
730 4085 766 4147 in
780 4080 848 4145 ulla
868 4081 1088 4146 sollicitudine
1103 4090 1184 4144 erat.

61 4177 224 4270 Nunquam
244 4187 378 4267 Struve,
401 4196 475 4251 utut
502 4197 535 4251 et
556 4186 701 4250 muneris
724 4183 891 4247 laboribus
916 4189 948 4258 et
973 4183 1041 4245 suis
1067 4181 1186 4245 studiis

61 4294 226 4369 occupatus
245 4296 316 4351 erat
323 4336 331 4367 ,
354 4309 374 4350 a
401 4297 496 4353 coetu
525 4286 692 4351 hominum
714 4284 966 4370 frequentiaque
990 4305 1025 4346 se
1052 4282 1188 4366 recipic-

61 4376 126 4462 bat,
147 4384 219 4467 sed,
242 4396 279 4450 ut
297 4395 367 4451 erat
388 4396 496 4451 mente
525 4385 629 4451 habili
655 4409 693 4450 ac
721 4385 835 4471 capaci
863 4392 896 4447 et
924 4384 1033 4447 animo
1061 4383 1188 4446 sincero

64 4485 150 4566 1111111
161 4489 273 4572 optimi
294 4476 454 4575 cujusque
475 4487 637 4572 studioso,
656 4488 704 4555 ita
722 4488 758 4554 in
776 4508 862 4553 nova
882 4484 944 4551 hac
965 4485 1074 4574 patria
1090 4483 1186 4551 modo
