2884 5184
402 465 485 512 VITA
509 466 586 516 CAR.
610 468 740 519 LUDOV.
764 472 909 522 STRUVE.
1156 487 1219 533 XXI

74 632 218 697 vixdum
240 655 362 697 annum
387 637 504 700 aetatis
532 638 726 702 vicesimum
754 665 871 727 agens,
901 668 1052 731 magnam
1079 650 1216 736 diligen-

73 737 156 798 tiam
181 742 214 796 et
236 734 432 798 industriam
455 737 607 803 adhibuit
629 748 662 802 et
683 740 833 807 celeriter
855 750 1127 833 praepositorum,
1151 754 1215 816 col-

72 832 225 917 legarum
235 884 243 916 ,
268 835 516 922 discipulorum,
540 840 662 905 civium
677 840 940 909 benevolentiam
958 856 1056 933 atque
1072 873 1213 917 amorem

74 934 142 997 sibi
165 935 309 1022 collegit.
353 936 552 1004 Etiamnunc
572 942 606 1003 in
627 939 693 1003 illis
715 946 811 1007 terris
834 947 1042 1034 reperiuntur
1060 952 1135 1034 viri,
1156 957 1213 1039 qui

72 1044 171 1120 grato
194 1037 303 1100 animo
327 1037 415 1102 illius
438 1042 592 1126 temporis
615 1041 842 1128 recordentur,
871 1068 935 1132 quo
962 1051 1076 1134 primis
1105 1051 1212 1116 litera-

72 1158 149 1200 rum
172 1137 376 1210 Graecarum
398 1139 567 1204 elementis
588 1141 705 1205 imbuti
729 1143 770 1207 ab
793 1168 831 1209 eo
854 1157 939 1211 sunt.
991 1149 1055 1212 Sed
1079 1151 1213 1217 nolebat

72 1240 130 1303 vir
150 1238 207 1302 ille
231 1249 383 1303 strenuus
400 1242 488 1305 intra
513 1251 670 1327 angustos
698 1245 828 1310 scholae
850 1249 992 1333 parietes
1013 1259 1115 1314 totam
1138 1252 1211 1317 dili-

71 1334 221 1425 gentiam
243 1363 335 1404 suam
356 1344 532 1426 contineri,
556 1361 653 1430 quam
676 1346 717 1409 ob
740 1369 887 1432 causam,
912 1359 948 1413 ut
976 1353 1074 1414 etiam
1102 1353 1209 1416 altiori

66 1440 233 1524 juvenum
260 1443 460 1506 institutioni
488 1466 620 1530 operam
653 1457 765 1530 posset
794 1448 889 1531 dare,
923 1472 1007 1513 auno
1037 1454 1132 1532 1805,
1156 1454 1210 1515 de-

73 1541 171 1605 fensa
190 1541 322 1626 publice
344 1543 574 1608 dissertatione
597 1546 636 1608 de
663 1546 874 1633 Empedoclis
897 1547 1065 1612 elementis
1087 1549 1205 1636 [28pp.

72 1641 130 1729 8.],
154 1645 310 1727 privatim
332 1643 480 1708 docentis
503 1647 634 1710 veniam
665 1648 700 1710 in
721 1649 937 1714 universitate
960 1650 1121 1713 Caesarea
1143 1651 1207 1735 sibi
1242 1654 1245 1659 ’

70 1744 286 1829 comparavit.
331 1743 395 1809 Per
416 1768 533 1810 novem
556 1769 714 1810 annorum
737 1749 909 1812 decursum
931 1749 1058 1829 utrique
1079 1755 1206 1816 muneri

71 1867 201 1906 summa
231 1867 305 1908 cum
339 1846 534 1910 assiduitate
566 1856 726 1934 praeerat.
772 1847 813 1910 In
843 1845 1055 1910 universitate
1085 1854 1204 1933 partim

69 1943 229 2008 lectiones
251 1948 439 2030 exegeticas
462 1947 577 2010 habuit
601 1947 640 2011 de
662 1948 816 2028 Homero,
839 1941 1003 2024 SophOCIe7
1024 1944 1202 2033 Herod0t0,

69 2047 235 2127 Lucieno,
257 2046 412 2129 Horatio,
436 2047 655 2134 Juvenale*)‚
680 2039 862 2130 Propertio,
887 2039 1059 2127 Suetonio,
1083 2054 1202 2133 partim

68 2148 159 2232 ipsas
183 2147 375 2234 disciplinas
397 2148 551 2229 tradidit,
574 2156 610 2210 ut
631 2144 836 2227 antiquitates
858 2138 1022 2206 Romanas
1046 2155 1078 2209 et
1099 2149 1200 2214 Grae-

69 2271 143 2330 cae,
177 2248 347 2313 historiam
379 2248 548 2311 literarum
570 2248 801 2313 Romanarum,
826 2236 995 2303 historiam
1021 2249 1200 2332 antiquam,

67 2349 322 2435 mythologiam,
356 2349 586 2434 etymologiam
618 2351 650 2405 et
679 2337 838 2417 synaxin
868 2338 1029 2404 Graecam
1051 2367 1089 2408 ao
1111 2347 1200 2412 Lati-

67 2472 156 2513 nam.
203 2450 310 2514 Certis
333 2459 504 2536 praeterea
531 2445 616 2511 horis
646 2435 828 2497 orationem
858 2437 1012 2503 Latinam
1040 2443 1083 2506 ad
1110 2456 1200 2510 recta

66 2552 221 2638 exempla
242 2552 389 2637 fingendi
410 2551 579 2638 praeeepta
601 2533 763 2598 studiosos
786 2535 907 2621 docuit,
920 2548 953 2602 et
974 2551 1010 2605 ut
1032 2546 1198 2611 auditores

66 2661 219 2739 prompto
240 2675 279 2716 ac
306 2660 420 2738 parato
443 2635 602 2714 scribendi
626 2636 740 2719 generi
769 2636 1017 2725 adsuescerent,
1048 2648 1200 2734 exempla

66 2755 108 2816 iis
138 2753 277 2818 dictavit
298 2748 488 2818 Germanica
515 2734 629 2819 lingua
661 2739 847 2823 ⁰⁰11⁸0fipla
854 2789 863 2820 2
898 2762 981 2826 quae
1014 2742 1133 2815 deinde
1162 2750 1197 2811 in

65 2854 221 2917 Latinam
252 2844 521 2917 converterentur.
576 2835 749 2899 Materiam
779 2837 894 2901 horum
927 2840 1121 2905 dictatorum
1155 2869 1198 2907 ox

66 2953 168 3017 ubere
190 2954 313 3037 ingenii
330 2961 415 3030 penu
427 2934 649 3021 depromebat,
671 2943 703 2998 et
724 2940 885 3021 reperitur
905 2940 941 3001 in
963 2941 1092 3003 scriniis
1110 2943 1197 3013 inter

66 3054 132 3118 alia
150 3053 247 3139 hujus
264 3044 388 3134 generis
409 3045 504 3122 grata
521 3035 697 3120 descriptio
717 3059 827 3100 rerum
848 3038 1102 3123 admirabilium,
1114 3063 1195 3126 quas

65 3159 148 3242 ipse,
173 3171 269 3241 quum
290 3137 453 3224 Petropoli
478 3145 582 3216 esset,
608 3137 644 3198 in
676 3138 754 3200 sede
784 3138 846 3203 hac
868 3139 1031 3203 Caesarea
1053 3141 1193 3207 viderat.

65 3255 223 3337 Quamvis
245 3263 321 3307 vero
350 3248 382 3303 et
413 3237 616 3302 scholasticis
639 3246 672 3300 et
696 3238 841 3323 publicis
873 3250 906 3304 et
936 3235 1035 3304 etiarn
1056 3243 1194 3327 privatis

65 3345 255 3420 lectionibus
277 3340 383 3425 major
403 3339 471 3403 diei
494 3360 570 3423 pars
593 3350 850 3424 consumeretur,
871 3349 997 3423 tamen,
1022 3364 1122 3427 quum
1143 3367 1195 3408 ac-

64 3443 285 3521 curatissimus
306 3449 393 3505 esset
413 3440 568 3525 temporis
593 3441 644 3503 sui
669 3439 891 3526 dispensator,
921 3465 986 3506 non
1014 3444 1194 3509 mediocres

59 3559 94 3614 in
110 3543 194 3628 ipsis
220 3541 324 3606 literis
348 3541 428 3605 fecit
449 3562 651 3630 progressus,
665 3548 697 3604 et
716 3541 879 3606 Graecam
895 3542 1027 3629 quidem
1049 3542 1194 3627 linguam

58 3668 92 3710 re
109 3643 250 3728 Dorpati
274 3643 405 3707 demum
426 3641 618 3722 edidicisse,
650 3642 783 3725 saepius
810 3650 926 3725 postea
953 3643 1096 3723 ingenue
1122 3665 1194 3726 pro-

56 3746 166 3809 fessus
199 3752 258 3807 est.
304 3742 357 3805 Ex
387 3742 492 3828 poetis
520 3741 650 3803 Latinis
682 3747 753 3800 tum
781 3741 923 3801 maxime
955 3740 989 3801 in
1023 3740 1194 3824 Propertio

56 3845 185 3909 edendo
206 3845 371 3929 insignem
393 3864 526 3930 operam
555 3838 743 3920 collocavit,
775 3838 913 3924 ejusque
944 3841 993 3901 rei
1021 3839 1194 3903 consilium

56 3969 131 4011 cum
154 3953 247 4032 patre
272 3943 524 4009 communicavit
547 3938 706 4025 singulari
737 3946 995 4024 programmate,
1028 3939 1116 4024 quod
1147 3941 1194 4003 in-

162 4133 188 4200 *)
206 4133 297 4198 Hnjus
315 4135 416 4185 satiras
435 4133 554 4197 quinque
571 4130 674 4194 priores
692 4127 822 4191 explicuit
850 4143 875 4177 a.
900 4126 978 4178 1805.
1003 4132 1031 4176 et
1056 4126 1144 4175 denuo
1169 4143 1195 4176 a.

56 4223 135 4286 1807,
153 4221 276 4286 adquae
301 4220 434 4270 lectiones
455 4216 603 4267 audiendas
627 4219 685 4264 tum
705 4212 838 4278 singulari
861 4215 1063 4276 programmate
1086 4210 1196 4260 Germa-

55 4310 118 4358 nica
140 4307 235 4372 lingua
256 4307 410 4371 conscripto
436 4302 631 4354 commilitones
658 4299 796 4348 invitavit.
833 4297 941 4347 Titulus
965 4296 1120 4361 scriptionis
1140 4301 1193 4345 est:

55 4392 200 4445 Juvenal's
225 4397 297 4442 erste
321 4392 425 4453 Satire,
449 4387 576 4437 metrisch
599 4387 738 4435 iibersetat
762 4382 817 4433 und
838 4383 888 4433 mit
911 4382 998 4433 einem
1022 4382 1196 4435 Commentar

54 4479 188 4548 begleitet
207 4494 261 4529 von
280 4505 312 4514 -
329 4479 446 4541 Dorpat.
470 4474 546 4524 1807.
565 4471 599 4521 49
618 4488 663 4536 pp.
683 4472 709 4522 4.
730 4498 763 4507 -
