2884 5184
341 914 374 995 I.
434 910 657 997 POETAE
689 911 912 997 GRAECI.

277 1271 305 1330 1.
348 1266 691 1332 APOLLONIUS
713 1265 966 1333 RHODIUS.

138 1369 210 1469 De
233 1406 312 1465 locis
337 1407 493 1466 nonnullis
515 1407 675 1486 Apollonii
694 1405 809 1464 Rhodii
828 1427 896 1467 cum
912 1407 964 1465 hic
983 1406 1135 1468 disserere
1156 1410 1189 1468 in

62 1509 153 1566 animo
172 1507 358 1581 habeamus,
384 1508 466 1568 subit
494 1509 599 1567 mirari
629 1507 813 1566 sententiam
834 1506 1014 1581 Gerhardii,
1041 1530 1189 1590 prospera

60 1609 172 1668 fortuna
193 1608 310 1670 factum
332 1617 480 1683 esse,·ut
497 1609 709 1688 Argonautica
728 1609 865 1669 omnibus
884 1609 1098 1672 audacioribus
1118 1634 1187 1673 con·

61 1712 174 1771 iecturis
196 1731 306 1771 carere
331 1713 450 1792 possint
476 1709 560 1791 (lectt.
585 1716 731 1786 Apolloon.
751 1732 821 1788 paq.
847 1711 930 1790 105).
974 1713 1098 1776 Etenim
1120 1737 1188 1777 cum

60 1812 210 1873 iuvenibus
234 1815 350 1874 uostris
377 1815 467 1894 primi
490 1812 604 1873 ordinis
626 1833 749 1873 carmen
770 1814 829 1873 hoc
857 1834 919 1895 qua
937 1835 1096 1894 possemus
1119 1818 1186 1878 dili·

60 1915 154 1989 gentia
177 1935 408 1990 enarraremus,
432 1937 496 1976 non
518 1935 592 1976 sane
611 1916 703 1996 pauci
725 1915 786 1975 loci
807 1916 896 1976 nobis
920 1928 1130 1994 occurrerunt,
1153 1923 1186 1980 in

62 2017 159 2096 quibus
173 2018 391 2092 haereremus,
412 2038 540 2099 quorum
556 2019 697 2079 nonnulli
713 2018 837 2098 quidem
851 2018 916 2077 leni
928 2039 1020 2078 manu
1034 2022 1187 2082 tractandi

60 2119 249 2195 videbantur,
274 2121 328 2180 alii
349 2140 424 2180 vero
446 2121 575 2182 vulnere
597 2121 689 2181 altius
705 2120 820 2179 inflicto
835 2120 1013 2180 laborantes
1029 2122 1187 2182 audaciori

61 2221 169 2282 medela
196 2242 276 2303 opus
297 2223 429 2295 habere,
460 2222 534 2302 quid
561 2221 644 2302 quod
665 2241 745 2280 unus
774 2221 914 2299 alterque
937 2241 992 2299 pro
1015 2220 1186 2301 desperatis

61 2321 245 2403 relinquendi
265 2322 459 2382 videbantur.
500 2321 571 2400 Qua
598 2323 762 2381 occasione
784 2321 885 2382 denuo
906 2323 981 2382 mihi
1001 2322 1187 2402 patefactum

63 2431 115 2497 est,
136 2434 283 2505 quantum
307 2424 447 2484 utilitatis
472 2425 574 2486 futuro
599 2424 809 2504 cuiuscunque
827 2424 898 2483 libri
917 2424 1027 2484 editori
1045 2422 1117 2481 inde
1136 2443 1186 2483 ac·

63 2523 155 2599 cedat,
173 2528 199 2585 si
216 2526 345 2600 librum,
365 2548 457 2607 quem
477 2526 570 2595 edere
589 2527 621 2584 in
640 2526 740 2585 animo
758 2525 887 2600 habeat,
912 2527 945 2585 in
967 2525 1079 2586 scholis
1095 2535 1187 2585 antea

63 2626 243 2703 explicuerit.
284 2627 337 2688 Sic
356 2630 436 2689 euim
453 2630 519 2703 fiet,
539 2637 574 2688 ut
590 2628 685 2687 multa
704 2649 784 2708 quae
803 2629 861 2688 soli
878 2628 1061 2689 meditantes
1080 2649 1188 2707 parum

62 2727 335 2803 animadvertimus,
359 2731 413 2790 ubi
431 2731 499 2791 aliis
519 2730 704 2811 explicanda
723 2738 816 2810 atque
834 2729 984 2791 tradenda
1004 2731 1093 2809 quasi
1108 2739 1186 2801 sunt,

62 2847 114 2885 non
133 2830 247 2892 leviter
267 2852 323 2891 nos
345 2832 511 2892 offendant.

133 2931 329 3013 Propositum
356 2936 461 3017 itaque
489 2933 563 2992 mihi
593 2940 640 2992 est
666 2930 705 2989 de
736 2929 892 2989 nonnullis
922 2927 1082 3007 Apollonii
1108 2929 1186 2988 locis

63 3028 222 3094 disserendi
249 3036 282 3093 in
308 3036 367 3095 hoc
387 3036 494 3096 libello
516 3035 635 3095 initium
656 3034 777 3107 facere3
805 3033 850 3091 ita
871 3039 975 3090 tamen
995 3030 1186 3090 utbreviter

62 3141 182 3194 nostmm
204 3137 390 3196 senteutiam
405 3132 443 3195 de
460 3136 509 3195 his
528 3137 604 3196 locis
625 3135 803 3206 afferamus,
823 3132 896 3191 solis
914 3133 1030 3191 caussis
1049 3132 1185 3206 adiectis,

62 3251 131 3309 quae
151 3257 206 3296 nos
235 3236 273 3296 de
301 3238 478 3298 sinceritate
502 3238 645 3299 lectionis
668 3236 777 3297 dubios
805 3234 950 3308 fecerint,
980 3235 1077 3295 vitata
1104 3235 1186 3294 omni

62 3335 228 3397 eruditionis
253 3334 395 3418 copiosae
415 3323 619 3400 ostentatione
641 3339 813 3399 ambitiosa.
857 3337 1005 3397 Idunum
1019 3357 1185 3410 monemus,

61 3435 138 3496 nobis
159 3448 282 3519 praeter
303 3440 452 3499 Brunckii
473 3440 638 3502 editionem
660 3461 679 3499 a
702 3438 870 3500 Schaefero
893 3459 962 3498 cum
988 3439 1114 3498 scholiis
1135 3458 1184 3497 re·

61 3537 175 3609 petitam
204 3550 236 3600 et
260 3541 372 3602 Beckii
405 3541 556 3603 nondum·
575 3542 748 3603 absolutam
776 3540 1002 3619 Gerhardiique
1032 3538 1185 3598 lectiones

61 3637 136 3697 nulla
156 3642 218 3701 alia
240 3642 427 3704 adminicula
447 3646 479 3703 in
497 3653 618 3724 promtu
640 3643 747 3703 fuisse.

413 3746 482 3806 Lib.
503 3746 530 3805 Ι.
551 3765 582 3804 v.
605 3741 679 3802 494.
701 3741 775 3801 495.
791 3740 824 3819 *)

177 3835 259 3924 χώετ’
283 3842 457 3919 ἐνιπτάζων·
479 3839 611 3926 προτέρω
630 3838 664 3903 δέ
684 3863 717 3902 τε
738 3844 834 3912 νεῖκος
856 3831 979 3918 ἐτύχθη,
1059 3850 1061 3853 ’

177 3946 204 4007 εἰ
223 3937 265 4027 μὴ
287 3945 467 4026 δηριόωντας
487 3936 703 4028 ὁμοκλήσαντες
725 3941 849 4023 ἑταῖροι,

60 4099 259 4118 N———

122 4195 147 4263 *)
164 4201 206 4251 De
229 4200 291 4253 loco
314 4203 444 4269 quodam,
469 4201 517 4267 qui
540 4202 596 4250 iam
613 4198 765 4264 praecessit
789 4197 838 4248 lib.
857 4197 880 4248 Ι.
899 4212 927 4247 v.
946 4196 990 4247 82.
1010 4194 1185 4244 disseruimus

62 4277 86 4328 in
107 4283 270 4339 bibliotheca
292 4290 402 4352 critica,
434 4303 504 4352 quae
527 4284 654 4337 Seebodii
680 4300 746 4335 cura
767 4284 910 4335 Hildesiae
936 4281 1029 4348 prodit
1053 4279 1184 4329 fasciculo

63 4362 77 4412 3
97 4373 158 4420 anni
180 4375 243 4425 1821
269 4391 334 4441 pag.
356 4374 421 4435 2593
450 4388 590 4425 monemus
614 4375 707 4424 tamen
730 4388 779 4437 pro
802 4367 894 4437 μῆκος
917 4385 950 4419 ex
973 4367 1111 4433 Apollonii
1134 4382 1186 4417 usu

63 4449 159 4519 μῆκος
176 4461 347 4512 scribendum
365 4475 436 4512 esse.

930 4542 976 4599 1*
