2884 5184
323 476 436 525 APUD
458 474 743 524 LACTANTIUM
765 478 907 526 OBVIA.
1140 467 1180 526 77

26 651 138 712 Versus
169 652 324 711 occurrit
347 653 380 710 in
401 650 513 729 Sibyll.
537 646 567 709 8.
597 670 629 707 v.
652 647 725 709 257.
754 651 834 710 inter
857 650 934 710 duos
959 651 1037 710 alios
1058 653 1181 713 mutilos

27 742 173 831 οὐδὲγὰρ
198 748 236 810 ἐν
260 746 343 836 ὃόξῇ
364 742 475 825 ἄλλως,
499 761 531 812 et
550 746 602 809 mal
620 753 760 829 φθαρτῆς
781 738 891 831 σαρκὸς
908 753 1010 834 μορφῇ
1029 761 1088 812 ete.
1114 753 1179 833 (de-

28 853 120 912 dimus
142 854 257 913 loeum
285 873 382 933 supra
404 851 445 911 ad
466 850 501 925 2,
526 849 574 927 12,
598 850 804 930 toletanus
826 872 866 912 ex
879 852 1016 930 Betuleji
1039 863 1069 913 et
1081 853 1179 935 Opso·

27 957 92 1032 paei
121 956 210 1014 notis
235 963 392 1034 apparet,
426 954 519 1014 etiam
546 955 596 1014 hio
623 973 733 1014 versus
766 954 799 1012 in
828 953 934 1013 codiee
961 952 1181 1032 Sibyllinorum

28 1026 159 1114 mutila?
176 1055 261 1128 fuit,
298 1054 457 1134 suppletus
488 1055 703 1127 eLaotantio,
732 1059 779 1128 „ta
800 1058 872 1130 qao“
901 1055 979 1115 haee
1001 1065 1071 1115 sunt
1092 1077 1180 1137 prae-

28 1166 111 1215 terea
145 1156 324 1237 Opsopaei
354 1155 467 1228 verba,
503 1165 626 1229 „vetusta
655 1157 777 1214 Pateaai
806 1159 967 1215 membrana
1000 1177 1018 1216 a
1049 1165 1185 1217 sommam

31 1261 138 1316 lectione
167 1261 293 1333 differt,
321 1266 352 1316 at
376 1274 414 1314 ea
438 1261 665 1333 interpretatione
692 1259 960 1332 adulterabatur,
991 1249 1032 1317 ἵν’
1057 1256 1184 1337 οἰκτροῖς

32 1352 130 1416 ἐλπίδα
154 1350 264 1441 δῶσῇ,
297 1367 328 1417 at
355 1362 464 1416 materia
484 1376 563 1434 spem
580 1355 784 1436 praebeat*).“
828 1358 927 1439 Atqui
949 1357 1100 1419 editiones
1117 1361 1183 1437 jam

32 1468 151 1519 veteres
167 1460 340 1520 Laetantii
360 1462 440 1520 hano
462 1460 598 1520 additam
615 1458 732 1519 habent
744 1460 1045 1540 interpretationem:
1065 1467 1183 1521 misera-

33 1562 101 1632 bilia,
129 1567 356 1636 iynominioeaa,
378 1568 521 1640 informa,
543 1571 573 1621 at
589 1563 788 1620 miserabilibus
809 1578 887 1636 apem
903 1565 1054 1637 praebeat,
1076 1573 1110 1622 ut
1131 1583 1184 1623 eos

37 1680 155 1741 quoque
171 1683 240 1722 non
257 1660 294 1725 ἐν
309 1664 366 1726 sed
380 1654 423 1724 ἵν’
441 1665 556 1743 legisse
570 1670 686 1743 pateat.
725 1661 838 1743 Neque
854 1664 943 1723 aliter
959 1662 1025 1722 eod.
1043 1663 1182 1743 Regiam.

36 1761 840 1846 oiktpooattuoeauopobooiuoiktooiooallaaaaeei,
860 1767 880 1824 i.
902 1786 929 1826 e.

162 1886 293 1946 οικτρος
312 1886 416 1944 οττμος
440 1885 574 1946 αμορφος
593 1887 625 1925 ιν
645 1884 772 1937 οικτοοις
793 1865 885 1925 elada
906 1866 1009 1943 danes,

40 1981 93 2041 hae
116 1984 229 2044 addita
252 1970 532 2065 interpretatione,
560 1987 738 2057 mirembello,
765 1988 936 2060 latomenus,
966 1990 1094 2060 infirmas
1116 1984 1184 2064 (pro

42 2086 179 2157 insomnia)
207 2098 240 2145 at
268 2091 380 2144 maem‘a
397 2103 475 2160 apem
490 2088 637 2161 praebeat.
682 2074 918 2147 Restituendum
938 2089 1043 2167 itaque
1062 2076 1106 2144 ἵν’
1129 2107 1185 2165 pro

45 2180 72 2241 ἐν
93 2185 283 2261 Lactantio,
304 2185 359 2245 sed
377 2186 572 2246 retiuendum
594 2179 690 2246 δοὶοει.
728 2186 810 2246 Nam
832 2180 914 2270 δῶοῇ
931 2191 986 2248 vix
1009 2187 1100 2247 eredo
1123 2187 1183 2246 Pu·

45 2285 123 2342 teani
146 2285 294 2347 oodioem
315 2286 454 2361 dedisse,
484 2287 541 2347 sed
563 2286 601 2346 ab
623 2284 788 2366 Opaopaeo
811 2287 856 2344 sio
879 2297 1048 2347 eorreetum
1068 2296 1132 2359 est,
1153 2295 1187 2346 ut

46 2382 211 2461 legitimum
235 2390 469 2467 conjunctivum
490 2396 561 2470 post
581 2385 632 2446 ἵνα
653 2386 791 2446 inferret.
826 2386 890 2448 Sed
909 2386 961 2447 ἵνα
976 2408 1044 2448 eum
1060 2386 1185 2446 indicat.

48 2485 136 2546 futuri
157 2491 362 2567 conjunctum
383 2491 451 2570 quis
471 2489 595 2550 nesoit‘?
622 2489 735 2569 Neque
758 2487 900 2568 Sibyllae
921 2491 1084 2551 barbarum
1103 2481 1186 2570 dalaq

52 2595 112 2644 erat
133 2589 365 2651 obtrudendum
397 2591 443 2670 (ut
471 2580 723 2653 ieameamer
754 2591 923 2653 Andronio.
955 2591 1056 2654 Rhod.
1084 2590 1187 2653 Ethio.

53 2684 164 2747 Nicom.
183 2712 262 2772 pag.
281 2692 350 2753 172.
373 2684 564 2775 μεταγρᾶφῇς
591 2690 642 2752 καὶ
655 2687 756 2778 Seiopa
776 2696 870 2756 Arist.
888 2694 926 2754 de
941 2694 1043 2753 LXX.
1060 2695 1187 2772 interpr.

53 2786 89 2845 V·
107 2790 149 2848 D·
177 2815 210 2873 p.
235 2793 334 2872 195.).
379 2793 526 2854 Similiter
553 2795 703 2855 Matthaei
730 2787 873 2874 θήσομεν
897 2818 953 2876 pro
977 2788 1113 2873 θήσομεν
1139 2813 1186 2852 re·
1223 2849 1227 2855 .

55 2890 170 2968 scripsit
199 2896 234 2954 in
254 2898 393 2954 Plaaaaia
419 2901 644 2971 interpretatione
664 2899 774 2955 Graeca
801 2902 855 2956 laci
874 2902 996 2957 aaetarlr
1017 2900 1056 2975 ad
1075 2897 1185 2953 Heren—¹
1238 2915 1241 2921 ·

57 2994 124 3048 aiam
152 2998 187 3053 de
209 2999 348 3071 faeraltate
368 3002 532 3067 memoriae,
560 3004 621 3054 arte
647 3004 673 3054 et
691 3000 781 3055 eladio
796 3002 982 3073 perficienda.
1025 2998 1185 3076 Mosquae.
1205 3013 1229 3052 a

59 3088 174 3152 alala
204 3097 300 3157 edita.
326 3117 397 3177 pag.
422 3095 451 3155 8.
496 3096 560 3157 Sed
590 3097 739 3175 ejusmodi
767 3098 960 3159 librariorum
989 3107 1019 3158 et
1040 3097 1189 3157 editorum

61 3195 206 3257 erroribus
227 3200 383 3259 immorari
403 3220 484 3259 nune
504 3220 566 3258 non
587 3210 688 3260 vacat.
733 3200 912 3279 Pergamus.

408 3386 478 3444 Lra.
501 3387 556 3446 IV.
581 3330 657 3446 aar:
678 3387 727 3446 17.
751 3386 782 3463 ἕ.
805 3387 834 3447 4.

141 3535 217 3604 „Illa
238 3544 310 3597 enim
325 3545 409 3613 prior
429 3544 491 3614 lea,
513 3558 585 3614 qaae
601 3558 658 3614 per
679 3542 796 3617 Moysen
818 3544 884 3599 aaa
902 3549 957 3613 eal,
978 3560 1034 3597 nom
1056 3544 1084 3596 ἑο
1102 3547 1192 3597 monte

67 3627 125 3688 Sim
150 3634 239 3712 (Spore
263 3640 329 3699 eod.
351 3639 403 3717 R.)
434 3644 484 3699 sed
509 3647 538 3699 m
559 3650 648 3697 monte
672 3641 752 3697 Oret.
776 3639 903 3716 (Choreb.
932 3659 958 3696 ο.
982 3638 1034 3715 R.)
1058 3642 1123 3695 aeta
1144 3649 1192 3707 eet,

68 3747 142 3799 qaam
161 3740 279 3814 Sibylla,
301 3744 367 3816 fore
387 3751 418 3800 at
438 3760 456 3799 a
474 3744 533 3815 filio
554 3743 609 3798 Dei
627 3746 793 3813 solveretur,
814 3743 943 3797 ostendit.-

189 3847 258 3917 ἄλλ’
280 3850 327 3915 lira
345 3846 430 3914 τοῦτ’
455 3850 498 3916 ada
519 3848 636 3917 ἅπαντα
655 3858 813 3936 τελειωθῇ,
836 3847 911 3935 ὅπερ
928 3846 1027 3929 εἷπον,

188 3956 229 4029 εἰς
251 3948 343 4017 αὐτὸν
365 3958 424 4029 πᾶς
446 3950 563 4020 terrra
584 3953 714 4036 νόμος,“

60 4060 118 4127 'ubi
143 4065 207 4133 ἀλλ’
235 4067 282 4135 ὅτε
303 4065 343 4135 ἂν
365 4075 412 4152 Α,
433 4078 475 4152 Β,
495 4078 531 4138 0.
559 4080 651 4137 ταῦτα
671 4069 797 4135 ἅπαντα.
821 4073 867 4148 Α,
893 4074 928 4134 Ο.
971 4074 1041 4132 Ηοο
1061 4062 1101 4130 lv
1123 4079 1195 4130 ante

77 4172 157 4234 mom
184 4179 216 4237 iu
243 4178 381 4238 omnibus
409 4179 506 4239 tribua
534 4179 690 4239 veteribus
717 4176 902 4237 editionibus
925 4195 1035 4253 magno
1055 4173 1129 4232 mihi
1150 4179 1196 4231 est

82 4322 268 4346 x...

81 4499 87 4509 Ι
139 4422 163 4490 *)
182 4429 327 4496 Sparlrius,
350 4432 423 4498 quod
446 4434 565 4496 mireris,
588 4430 639 4481 hoo
661 4432 689 4481 in
712 4430 773 4481 loeo
796 4430 942 4480 lectionem
959 4426 1061 4477 codicia
1079 4424 1197 4477 Puteaui

80 4515 105 4550 m
119 4515 181 4564 uota
197 4518 283 4569 affert.
