2884 5184
280 431 321 494 32
602 428 790 501 Qurur'us
816 441 1082 491 Saramene.

1412 542 1414 633 λ

271 622 411 696 jactura3
439 615 496 677 sed
513 626 650 697 praestat
671 617 786 700 (neque
809 617 847 677 de
868 618 1021 678 sententia
1043 638 1112 677 mea
1135 619 1296 700 quiequam
1314 629 1391 691 muta,
1413 638 1414 695 ᾗ

278 719 427 802 quidquid
449 718 592 799 Spitzner
613 719 722 779 afferat
741 722 837 780 Mant.
858 742 890 801 p.
919 715 1021 795 242.):
1413 710 1414 717 '

571 811 646 900 μήδ’
669 819 817 882 εἴκετον
838 817 1104 898 ἐσσυμένοισιν

444 920 689 1000 ὅνςμενέσιν
710 924 802 983 νῶϊν
822 914 881 1002 γὰρ
902 943 930 983 κ.
953 944 978 982 τ.
999 926 1024 982 ί..

276 1026 409 1105 Derepit
428 1027 508 1086 enim
529 1027 686 1087 librarium
706 1027 804 1085 rarior
827 1024 926 1084 dualis
947 1046 1020 1086 usus
1034 1047 1097 1106 Apro
1112 1024 1241 1105 plurali,
1263 1027 1333 1084 satis
1349 1025 1390 1083 ille

271 1128 336 1204 jam
356 1148 375 1185 a
389 1128 458 1187 VV.
474 1128 546 1186 DD.
563 1128 712 1207 exemplis
729 1126 957 1208 comprobatus3
977 1129 1017 1188 ef.
1032 1128 1141 1188 Matth.
1158 1126 1212 1187 Gr.
1223 1125 1277 1186 Gr.
1292 1125 1321 1201 ξ.
1332 1126 1390 1185 391,

275 1249 346 1287 ann.
367 1230 480 1289 Buttm.
504 1229 558 1289 Gr.
581 1229 635 1290 Gr.
658 1251 688 1309 p.
711 1230 762 1289 49.
792 1239 823 1289 et
845 1229 883 1290 de
904 1228 1020 1308 Quinto
1038 1231 1234 1290 Hermannus
1258 1230 1289 1288 in
1311 1227 1389 1306 Orph.

273 1352 305 1409 p.
328 1331 400 1389 747.
422 1352 468 1412 eq.
513 1332 646 1411 Quintus
665 1341 828 1412 praeterea
849 1332 931 1391 salus
954 1342 1018 1407 est,
1048 1331 1131 1414 quad
1152 1332 1230 1403 scio,
1261 1332 1312 1410 qui
1331 1333 1389 1388 νῶϊν

274 1453 329 1511 pra
351 1422 425 1510 ἡμῖν
448 1432 535 1493 dixit.
558 1435 597 1494 cf.
617 1434 732 1494 Adnot.
755 1432 795 1493 ad
818 1433 853 1507 1,
876 1432 948 1494 369.
972 1455 1018 1515 aq.

186 1572 188 1577 -
274 1556 304 1593 v.
327 1532 400 1593 485.
422 1555 477 1616 pro
498 1533 658 1615 τεταγμένη
678 1554 794 1616 repone
812 1532 1024 1613 τεταγμένη.

275 1673 305 1712 v.
326 1650 398 1711 529.
627 1646 689 1734 τὰρ
707 1652 742 1714 δέ
761 1669 834 1730 σφιν
855 1641 991 1733 ὀλέθριος
1011 1641 1115 1712 ίσταθ’
1137 1644 1241 1728 ὅμιλος

438 1746 609 1832 βαλλόντων
631 1745 806 1834 ἑκάτερθεν,
828 1745 848 1815 ὅ
868 1743 899 1813 τ’
921 1751 1055 1813 ἔσθενε
1075 1749 1174 1832 χερσίν
1196 1750 1321 1813 ἕλίσθαι.

255 1851 423 1912 ΔΙλίιοόοιῐι.
444 1846 488 1913 ὅτ’
511 1852 621 1916 ἔσθενε.
667 1858 754 1935 Lege
774 1857 826 1917 vel
848 1846 937 1917 ὅσον
955 1853 1082 1932 σθένε,
1102 1864 1136 1915 ut
1158 1877 1189 1914 v.
1213 1853 1290 1915 590:

435 1945 597 2034 Ἰδομενεὺς
612 1947 649 2016 θ’
673 1949 732 2038 ἄρα
755 1960 845 2031 λᾶαν,
865 1950 958 2018 ὅσον
979 1956 1108 2035 aetas,
1129 1953 1228 2037 χερσίν
1250 1945 1356 2035 ἆείμας,

273 2056 338 2131 vel,
362 2057 444 2138 quad
463 2060 620 2139 praefero,
644 2068 675 2119 et
696 2062 794 2138 magia
814 2061 905 2120 etiam
920 2059 960 2119 ad
974 2060 1131 2120 literarum
1146 2057 1254 2118 duetus
1270 2057 1384 2118 aceedit:

272 2149 366 2231 ὅτις
387 2157 507 2223 ratas.

272 2298 303 2337 v.
325 2275 398 2337 538.
435 2265 504 2338 αλλ’
525 2270 594 2342 οὗθ’
616 2273 655 2356 ὣς
676 2281 789 2361 μένος
808 2274 901 2361 εἶχον,
923 2275 1089 2360 ἒελόόμενοί
1108 2300 1178 2358 περ,
1206 2269 1318 2352 ἆλιίξαι.

272 2380 373 2440 Vertit
387 2380 556 2443 Rhodam:
579 2396 609 2443 at
629 2404 717 2461 neque
739 2391 780 2444 aie
801 2389 948 2455 evadendi,
970 2385 1119 2459 quamlibet
1137 2385 1320 2456 capientibus,
1339 2386 1385 2436 erat

269 2485 409 2559 facultas,
438 2483 520 2564 quod
540 2486 572 2544 in
593 2484 722 2546 Graecis
745 2488 862 2560 verbis,
892 2494 926 2548 ut
947 2506 1027 2545 nune
1048 2484 1206 2562 leguntur,
1232 2504 1294 2542 non
1314 2483 1383 2540 inest.

271 2584 352 2644 Vide
373 2604 412 2643 ne
435 2585 541 2644 fuerit:
565 2573 632 2645 ἄλλ’
652 2576 719 2646 οὐδ’
739 2579 778 2661 ίίς
801 2582 921 2666 μόρον
941 2582 1035 2666 εἶχον,
1054 2608 1082 2645 ιτ.
1102 2607 1127 2645 τ.
1149 2588 1174 2644 λ.

271 2723 302 2761 v.
325 2699 397 2763 585.
561 2696 650 2776 πόδες
667 2693 695 2764 δ’
716 2698 891 2779 νίὲκοντες
912 2705 1034 2786 ἔμιμνον

438 2792 545 2882 αὖτοῦ,
568 2795 628 2884 ὅπη
648 2830 702 2884 μιν
721 2802 807 2888 τύψε.

269 2906 379 2967 Fuisse
402 2905 525 2968 videtur
546 2893 733 2983 ἆὲκοντος.

270 3047 299 3085 v.
323 3023 394 3085 598.
433 3019 588 3105 δεξάμενος
608 3017 640 3087 δ’
662 3017 729 3108 ὅγε,
748 3020 822 3094 λαὸν
840 3023 983 3114 ἕτςίχετο,
1005 3021 1107 3112 κάρτεϊ
1123 3021 1225 3109 θίαν,

433 3126 556 3189 κτείνων
575 3122 618 3189 ’όν
639 3150 677 3189 κε
698 3131 838 3214 κίχιχσε.

269 3245 338 3304 Ηοο
356 3246 425 3305 Ιοοο
447 3239 480 3317 ὅς
501 3266 534 3306 κε
554 3268 621 3307 eum
641 3248 734 3309 indic.
756 3272 820 3311 aar.
844 3252 998 3312 saloeeum
1021 3259 1082 3324 eat,
1108 3273 1211 3332 neque
1237 3251 1379 3334 quidquam

268 3348 427 3425 proficias,
449 3349 597 3428 rescripto
619 3352 830 3429 conjunctivo,
855 3353 906 3435 qui
927 3351 964 3425 9,
990 3353 1060 3412 177.
1081 3353 1161 3413 bene
1183 3354 1341 3413 sehabet:

854 3446 965 3514 ἅιιοοε
986 3442 1014 3514 ι’
1038 3446 1129 3515 §aaa

434 3543 582 3628 θοίμναται
602 3544 645 3613 ta
666 3575 705 3614 κε
726 3553 874 3638 κίχῃσι,

267 3670 338 3711 nam
369 3652 401 3712 in
432 3664 535 3714 nestro
567 3656 634 3716 loeo
667 3660 879 3736 conjunctivus
909 3680 972 3718 non
1006 3659 1105 3718 minue
1138 3658 1280 3718 saloeeus
1311 3659 1377 3716 seret

267 3753 417 3815 Rhodam.
432 3757 525 3817 habet
542 3750 578 3818 iv
594 3749 625 3818 κ’
649 3757 771 3839 ἕκίχησε.
807 3761 893 3838 Lege
912 3750 956 3819 tv
976 3751 1009 3840 χ’
1032 3755 1190 3837 ἕκίχησε.
1217 3761 1256 3819 ef.
1273 3760 1306 3835 9,
1327 3757 1377 3816 195.

430 3849 538 3932 ἄλλους
559 3853 590 3919 δ’
615 3859 736 3923 ἔκτανεν
757 3845 864 3937 αὖθις,
883 3853 996 3933 ὅσους
1018 3862 1106 3940 κίχε.

266 3955 385 4018 Eodem
406 3959 495 4019 modo
519 3972 678 4042 corruptus
701 3974 749 4025 est
765 3962 800 4039 8,
821 3963 893 4026 366.

749 4153 821 4211 L1a.
843 4151 915 4214 VII.

265 4296 295 4336 V·
319 4275 369 4336 79·
543 4275 661 4357 α’ίλλος
676 4282 709 4345 δὲ
730 4283 810 4347 πέλει
829 4285 894 4366 βίος
915 4276 1113 4368 ἀνθρώποισι.
1224 4314 1226 4318 ,

263 4369 504 4557 Lezflaeffsffssr
527 4384 609 4465 quod
623 4397 804 4465 occupatum
816 4391 883 4467 jam
898 4388 987 4449 vides
1006 4410 1025 4449 a
1042 4387 1202 4497 Lebeakio
1219 4379 1343 4462 (Phryui
1356 4377 1376 4434 h·

263 4498 294 4556 p.
381 4523 387 4537 .
