2884 5184
260 413 301 472 56
601 418 801 467 ORAOULA
824 419 1057 468 alamania

261 599 406 677 seriptum
429 596 511 654 bunc
540 592 677 653 codicem
702 595 769 671 jam
794 613 835 654 ex
863 593 924 653 alio
947 593 1087 672 ejusdem
1107 602 1193 654 notae
1216 616 1294 667 esse,
1327 599 1374 656 abi

260 695 402 755 librarius
428 714 488 752 non
516 693 617 751 omnia
645 690 844 750 intellexerit.
889 690 969 750 Nam
997 693 1041 751 sio
1062 692 1106 751 ibi
1127 694 1255 772 scriptun
1276 704 1376 753 exstat

261 795 293 852 in
321 791 456 853 seeundo
483 812 590 863 versu,
622 789 804 869 interposita
829 789 927 848 latina
955 790 1218 870 interpretatione,
1244 793 1377 870 lyxnrra

261 901 335 950 crete
355 894 461 965 sepulto
483 909 590 968 qooyn
610 890 761 963 sepulchro
780 904 875 945 eoram
898 895 955 946 eto.
999 887 1097 946 Vides
1118 893 1194 963 sepul
1210 910 1263 948 non
1284 891 1377 950 solnm

261 991 308 1048 bis
332 990 477 1068 seriptum
503 1007 590 1059 esse,
619 984 675 1045 sed
696 984 849 1064 syllabam
872 994 915 1057 to,
944 1006 1024 1065 qnae
1048 985 1089 1044 ad
1109 1007 1190 1065 φρομ
1206 988 1379 1066 pertinebat

262 1089 347 1149 illino
367 1085 505 1145 avulsam
528 1104 596 1143 cnm
615 1084 710 1163 priori
731 1087 812 1157 sepul
830 1085 862 1141 in
884 1089 993 1158 sepulto
1015 1084 1177 1155 coaluisse.

618 1251 689 1309 Lrn.
712 1250 738 1308 Ι.
767 1268 838 1308 cer.
861 1248 909 1306 15.
933 1247 963 1324 ξ.
990 1247 1038 1308 15.
1403 1261 1406 1471 ρ

349 1375 409 1444 „Ob
429 1374 504 1430 banc
524 1375 668 1429 ναυλολοοι
691 1370 794 1443 Sibylla
815 1371 855 1424 sic
878 1384 923 1424 eoo
944 1372 1082 1443 increpat:

389 1458 513 1547 ,ξΕλλάς
532 1460 570 1546 δὴ
591 1467 620 1527 τί
634 1464 782 1536 πέποιθας
802 1453 851 1523 ἐπ’
873 1453 1020 1542 άνδράσιν
1041 1457 1226 1543 ἡγεμόνεσσι;

391 1559 465 1648 πρὸς
484 1567 514 1629 τί
529 1564 562 1628 θλ
581 1567 662 1645 δῶρα
683 1557 793 1643 μάταια
815 1558 1050 1638 καταφθιμένοις
1070 1550 1230 1641 άνατίθηςς

392 1661 478 1740 θάεις
495 1660 639 1737 εἰδώλοις·
663 1664 706 1736 τίς
726 1684 771 1723 τοι
791 1654 910 1738 πλάνην
930 1653 1022 1739 βάλεν
1042 1656 1074 1720 ἕν
1094 1663 1154 1741 νῷ,

392 1759 432 1838 ὥς
453 1762 483 1825 τὲ
503 1781 535 1824 σε
554 1758 624 1824 τάδε
642 1767 739 1823 ποιεῖν
759 1754 897 1842 μεγάλοιο
913 1762 997 1820 θεοῖο
1017 1752 1179 1839 προσώπου
1206 1816 1212 1824 .

391 1861 601 1942 λειπομένου;“’

265 1966 343 2026 Sunt
369 1963 493 2045 quidem
522 1963 602 2023 inter
622 1960 792 2040 Sibyllinos
818 1961 940 2042 plurimi
960 1979 1082 2032 versus,
1114 1980 1190 2041 quos
1212 1962 1267 2019 vix
1288 1981 1382 2021 versus
1407 2010 1408 2013 ,

263 2064 404 2124 heroicos
430 2082 542 2123 vocare
571 2060 680 2141 possis.
726 2058 790 2119 Sed
818 2060 862 2119 sio
886 2060 982 2118 omnis
1004 2060 1092 2118 metri
1114 2068 1260 2138 expertes
1280 2081 1381 2140 pansos

224 2184 249 2225 ra
265 2162 430 2222 inveneris.
475 2159 538 2220 Sed
560 2162 626 2238 jam
654 2159 686 2217 in
714 2156 897 2218 editionibus
926 2157 1082 2217 veteribus
1109 2159 1242 2217 maxime
1268 2160 1384 2237 insignis

266 2270 312 2325 eat
338 2260 478 2321 lectionis
501 2259 646 2318 varietas.
690 2255 795 2336 Atque
820 2256 853 2314 in
873 2255 946 2316 edit.
967 2255 996 2314 A
1019 2256 1063 2315 sio
1082 2256 1167 2316 loeus
1192 2258 1297 2323 verbis
1326 2280 1382 2318 oon·

266 2368 372 2440 ceptus
393 2358 521 2436 legitur:
550 2358 634 2427 ελλας
654 2354 692 2432 δη
712 2375 741 2413 τι
761 2372 902 2426 πεποιιας
924 2350 960 2413 ἕπ
981 2353 1093 2435 ανδρας
1110 2372 1260 2434 ηγεμονασ
1277 2372 1351 2437 προσ
1366 2379 1385 2416 ιι

266 2458 298 2519 δε
322 2456 403 2536 δορα
429 2477 538 2533 μάταιοι
561 2458 798 2532 καταφθιμενοισ
819 2441 984 2531 άναπυθησ,
1016 2457 1105 2515 θυεισ
1126 2454 1237 2516 ειδολισ
1256 2473 1348 2518 τισσυι
1361 2477 1384 2514 εν
1409 2456 1410 2489 l

266 2578 310 2617 νο)
335 2558 452 2631 πλάνην
481 2555 584 2632 εβαλεν
612 2567 684 2613 more
708 2567 741 2613 os
765 2551 834 2612 τάδε
862 2571 958 2613 ποιειν
981 2554 1109 2631 μεγάλου
1135 2556 1220 2613 θεοιο
1239 2571 1385 2636 πρυσαπου

266 2648 512 2730 άπολελειμμενου
537 2655 569 2711 in
597 2653 707 2734 quibus
736 2654 824 2713 metri
851 2672 1056 2734 versuumque
1082 2654 1169 2714 nulla
1194 2658 1383 2735 vestigiaap·

265 2760 385 2836 parent.
407 2752 505 2813 Paulo
520 2754 644 2832 propius
656 2755 723 2831 jam
738 2752 778 2812 ad
791 2754 948 2831 vulgatam
962 2754 1126 2814 lectionem
1138 2755 1385 2818 assentantes:

259 2842 365 2925 Ἑλλάς
388 2842 426 2930 δὴ
446 2850 475 2911 ιλ
497 2848 646 2924 πέπονθας
667 2841 713 2911 ἐπ’
739 2841 886 2931 άνδράσιν
905 2840 1078 2930 ἡγεμόνεσσι
1084 2872 1092 2920 ;
1122 2847 1196 2932 πρὸς
1219 2853 1251 2913 τί
1267 2852 1300 2916 δὲ
1320 2855 1385 2931 δῶρα

265 2944 377 3031 μάταιοι
407 2947 641 3029 καταφθιμένοις
667 2939 827 3028 άνατλθης;
862 2941 948 3021 θάεις
973 2942 1117 3027 εἰδώλοις,
1156 2951 1199 3023 τίς
1226 2975 1274 3014 τοι
1300 2952 1331 3015 ἐν
1353 2955 1386 3029 νηὶ

265 3044 383 3130 πλάνην
402 3050 522 3135 ἔβαλεν,
547 3045 619 3111 ὥστε
639 3047 671 3112 ab
691 3044 761 3110 τάδε
781 3052 877 3109 ποιεῖν
898 3041 1026 3128 μεγάλου
1047 3052 1122 3110 θεοῦ
1143 3046 1308 3131 προσώπου
1327 3043 1382 3113 άπο-

266 3147 460 3227 λελειμμὲνου.
505 3149 609 3229 Atque
641 3151 685 3209 sio
715 3169 839 3229 prorsus
863 3150 895 3207 in
921 3148 962 3222 O,
995 3149 1054 3208 nisi
1082 3151 1165 3231 qnod
1188 3154 1294 3215 multis
1319 3154 1385 3213 vitiis

265 3247 496 3326 typographicis
526 3255 638 3318 scatet,
667 3254 701 3305 ut
726 3266 863 3326 semper,
893 3249 925 3306 in
954 3246 1091 3307 Graecis.
1141 3249 1313 3314 Videamus
1334 3255 1384 3331 jan

265 3348 334 3424 ipsa
363 3343 517 3422 Sibyllina
546 3344 695 3417 carmina,
726 3343 779 3403 ubi
805 3347 837 3405 hi
869 3367 976 3407 versus
1010 3358 1185 3424 occurrunt,
1220 3351 1276 3412 lib.
1308 3352 1341 3426 3,
1363 3372 1384 3408 v.

242 3440 339 3502 .545.
361 3462 428 3523 sqq.

387 3530 494 3609 Ἑλλάς
515 3527 554 3616 δὴ
570 3537 600 3598 τί
616 3537 765 3613 πέποιθας
784 3530 831 3601 ἐπ’
854 3533 1002 3623 ἀνδράσιν
1018 3534 1191 3623 ἡγεμόνεσσι

397 3641 534 3717 Θνητοῖς,
558 3630 602 3711 οἷς
623 3629 678 3699 οὖν
700 3638 761 3701 ἔστι
780 3644 889 3720 φυγεῖν
908 3634 1054 3704 θανάτοιο
1075 3636 1224 3723 τελευτην;

394 3729 478 3818 Πρὸς
498 3737 528 3798 τί
548 3760 578 3799 τε
599 3739 680 3820 δῶρα
701 3732 812 3817 μάταια
834 3739 1083 3818 καταφθιμένοισι
1103 3742 1244 3824 πορίζεις,

395 3830 483 3909 Θάεις
503 3826 531 3896 τ’
553 3831 697 3910 εἰδώλοις·
718 3838 761 3910 τίς
782 3860 826 3900 τοι
848 3832 966 3918 πλάνην
988 3837 1020 3900 ἐν
1039 3839 1124 3923 φρεσὶ
1146 3844 1224 3920 θῆκε

393 3938 493 3996 Ταῖπα
514 3940 606 3996 τελεῖν
627 3929 801 4019 προλιπόνιι
822 3942 897 3998 θεοῦ
916 3931 1055 4019 μεγάλοιο
1076 3931 1243 4020 πρόςωπον.

264 4038 317 4097 ubi
342 4037 423 4096 hane
451 4036 621 4115 scripturae
648 4037 874 4099 aberrationem
898 4041 1022 4099 invenio
1048 4042 1080 4100 in
1101 4040 1118 4098 1
1140 4049 1171 4100 et
1190 4040 1223 4100 Π
1245 4041 1329 4119 (nam
1346 4038 1383 4099 lll

264 4156 331 4195 eum
349 4135 395 4194 IV
411 4156 535 4214 prorsus
559 4136 741 4216 conspirat);
769 4128 856 4208 θάεις
876 4158 904 4196 τι
922 4130 1067 4211 ελδάλοιςς
1095 4136 1125 4197 τί
1143 4158 1187 4198 τοι
1208 4148 1267 4199 eto.
1291 4150 1323 4201 et
1335 4148 1383 4198 tum

261 4235 455 4311 προλιποῦσα.
498 4237 586 4296 Haeo
614 4238 641 4295 si
668 4259 736 4298 oum
760 4240 971 4298 Laetantianis
1000 4259 1172 4319 compares,
1207 4240 1294 4299 haud
1322 4256 1381 4300 sane

262 4330 354 4389 facile
385 4338 490 4392 tantae
525 4334 750 4414 discrepantiae
786 4355 910 4397 oausam
940 4346 970 4397 et
1003 4339 1151 4418 originem
1181 4338 1377 4420 investigabis.

261 4426 368 4487 Facile
390 4430 513 4508 quidem
536 4432 627 4491 alicui
649 4435 681 4492 in
700 4443 832 4496 mentem
853 4438 961 4498 venire
984 4439 1096 4518 possit,
1117 4440 1316 4500 Laetantinm
1333 4454 1380 4496 non
