2884 5184
350 485 353 491 ,
397 443 481 492 Vl'l'A
503 447 581 496 CAR.
605 450 734 500 LUDOV.
759 455 904 507 STRUVE.
1157 467 1220 512 XIX

71 615 125 687 et,
144 616 321 694 postquam
342 612 377 674 in
400 611 499 679 breve
522 624 652 704 tempus
669 633 822 706 parentes
848 625 981 718 revisit,
1005 628 1127 691 Kiliam
1145 654 1216 715 pro

70 706 182 771 fectus
205 718 272 792 est,
296 720 332 776 ut
353 714 388 775 in
410 713 467 777 illa
495 720 712 787 universitate
739 724 908 790 biennium
928 727 1056 812 legibus
1079 730 1216 814 impera

69 817 143 872 tum
165 810 365 876 absolveret.
408 815 476 879 Ubi
497 839 598 903 quum
625 823 841 910 intelligeret,
869 851 912 891 ex
940 829 1134 891 lectionibus
1156 854 1214 915 pu-

24 928 31 938 ·
71 913 189 997 blicis,
212 935 297 1000 quae
320 913 361 978 de
388 915 573 1003 disciplinis
603 923 811 1010 philologieis
843 938 875 992 et
901 924 1092 1009 theologicis
1113 928 1211 994 habe-

70 1013 211 1098 bantur,
234 1015 278 1078 ad
297 1014 413 1080 altiora
427 1020 547 1084 nitenti
567 1023 630 1089 sibi
652 1048 717 1090 non
735 1027 874 1090 multum
893 1028 1017 1090 fmctus
1039 1033 1211 1110 provenire

70 1136 186 1200 posse,
215 1115 391 1200 plurimum
419 1123 576 1206 temporis
605 1125 641 1188 in
669 1127 799 1211 privato
827 1127 940 1190 harum
969 1146 1077 1187 rerum
1102 1130 1210 1194 studio

72 1216 287 1299 consumpsit.
332 1217 386 1280 Ex
409 1222 579 1286 veteribus
605 1229 820 1312 scriptoribus
847 1232 976 1311 praeter
998 1224 1208 1315 philosophos

70 1316 219 1376 animum
241 1318 315 1401 ejus
335 1318 502 1386 fervidum
524 1333 556 1387 et
577 1325 707 1411 pulchri
725 1330 880 1413 cujusque
902 1328 1208 1406 appetentissimum

68 1416 215 1478 maxime
236 1426 414 1485 tenuerunt
435 1431 552 1507 poe'tae
570 1425 787 1492 Romanorum
807 1421 903 1503 lyrici
929 1431 963 1484 et
984 1427 1119 1510 satirici,
1139 1430 1206 1494 Ho-

69 1516 193 1597 ratius,
217 1516 409 1605 Juvenalis,
430 1523 638 1610 Propertius,
662 1542 795 1613 quornm
825 1518 1009 1584 studiorum
1039 1530 1205 1610 specimen

69 1637 99 1678 a.
127 1617 209 1679 1804
238 1619 390 1686 exhibuit
417 1624 696 1707 „Observationes
725 1629 756 1683 et
779 1616 1036 1705 Emendaliffles
1070 1629 1104 1690 in
1127 1630 1204 1696 Pro

67 1718 235 1803 pertium“
259 1725 298 1783 77
320 1745 375 1809 pp
399 1727 429 1788 8,
459 1726 569 1791 Etiam
588 1726 695 1790 Kiliae
714 1717 933 1803 professores,
955 1727 1202 1816 commilitones,
1270 1752 1272 1757 ·

67 1840 198 1901 omnes,
230 1823 425 1907 quibuscum
452 1827 653 1893 familiariter
680 1818 828 1902 vivebat,
858 1832 991 1908 propter
1018 1829 1202 1912 singulares

67 1921 171 1984 animi
194 1921 288 1987 dotes
309 1934 502 2014 gratamque
524 1916 651 1992 vivendi
676 1920 836 1983 rafi‘fflssffl
862 1929 974 2009 magni
1006 1950 1079 1992 eum
1102 1931 1200 2009 facie·

66 2020 167 2104 bant,
191 2032 225 2086 et
247 2022 327 2088 culti
354 2027 426 2111 ejus
445 2044 548 2091 morer
563 2018 796 2106 ingeniumque
817 2022 974 2088 festivum
995 2049 1034 2090 ac
1054 2028 1200 2116 lepidum

67 2119 163 2186 brevi
185 2123 310 2189 aditum
330 2129 366 2190 in
386 2129 506 2206 aliquot
527 2116 685 2183 nobilium
705 2121 873 2186 hominum
894 2127 1033 2191 circulos
1052 2131 1083 2192 ei
1106 2153 1200 2216 para·

70 2233 201 2287 verunt,
246 2225 337 2290 Idem
362 2230 396 2291 in
415 2216 545 2300 aliquod
572 2225 702 2304 tempus
728 2243 848 2306 magna
877 2247 951 2288 oum
979 2231 1142 2311 gravitate
1166 2242 1199 2296 et

67 2322 230 2408 dignitate
252 2342 381 2389 munere
410 2317 541 2378 functus
570 2326 621 2380 est
643 2318 815 2385 directoris
840 2326 1006 2390 societatis
1035 2329 1198 2415 publicae,

67 2445 151 2508 quae
176 2426 236 2490 snb
259 2422 381 2489 nemine
404 2413 604 2482 Harmoniae
627 2422 814 2485 etiamnunc
835 2423 946 2488 Kiliae
968 2426 1072 2493 floret.
1099 2430 1197 2495 Anno

67 2525 194 2588 saeculi
215 2518 314 2586 nostri
339 2525 455 2600 quarto
482 2521 620 2603 gradum
650 2522 792 2587 doctoris
821 2525 1047 2613 philosophiae
1077 2531 1195 2597 disser-

65 2627 188 2687 tatione
207 2617 415 2710 thesibusque
437 2619 568 2703 publice
592 2622 739 2687 defensis
755 2634 883 2709 nactus,
906 2627 1030 2693 Kiliam
1051 2631 1194 2718 reliquit,

64 2733 99 2786 ut
120 2740 238 2785 munus
257 2727 438 2799 quaereret.
483 2722 640 2788 Servatur
660 2725 695 2787 in
715 2726 846 2789 scriniis
865 2731 975 2813 patrui
996 2730 1107 2796 brevis
1122 2747 1195 2799 n'ar-

62 2823 146 2884 ratio
165 2815 282 2900 prioris
304 2817 402 2903 hujus
423 2823 511 2886 vitae
532 2824 658 2908 periodi
684 2824 726 2888 ab
749 2828 821 2911 ipso
845 2831 1047 2913 conscripta,
1067 2855 1109 2895 ex
1130 2856 1196 2919 qua

61 2922 95 2983 in
123 2918 174 2978 his
203 2919 394 2983 enarrandis
421 2921 559 2985 multum
580 2924 685 2987 hausi.
730 2925 937 3011 Anteaquam
960 2951 1036 2999 vero
1055 2933 1098 2995 ad
1117 2933 1195 2996 alte·

59 3035 126 3078 ram
149 3014 238 3076 vitae
267 3027 392 3101 partem
418 3029 602 3105 transeam,
633 3046 714 3110 opus
745 3034 795 3089 est
822 3035 858 3090 ut
884 3050 991 3113 pauca
1018 3031 1125 3095 dicam
1154 3034 1194 3096 de

57 3114 189 3196 poetica
212 3115 283 3199 ejus
305 3120 430 3204 indole,
459 3147 558 3211 quam
587 3134 714 3191 mature
735 3128 806 3213 jam
837 3131 1009 3195 emicuisse
1037 3134 1191 3200 vidimus.
1215 3181 1220 3187 ·

54 3211 246 3296 Postrcmis,
266 3239 365 3302 quum
387 3225 422 3286 in
443 3228 616 3311 gymnasio
637 3226 803 3293 Altonano
826 3240 911 3313 erat,
930 3233 1027 3296 annis
1049 3236 1191 3321 saepius,

54 3322 88 3378 et
112 3336 234 3399 magno
263 3340 338 3384 cum
372 3344 542 3411 successu,
575 3328 720 3391 animum
743 3328 787 3390 ad
818 3350 872 3412 ca,
904 3352 987 3416 quae
1018 3336 1193 3420 sentiebat,

53 3414 208 3479 versibus
233 3422 421 3489 mandanda
449 3428 586 3514 adpulit.
636 3429 804 3515 Optimum
833 3429 1063 3498 documentum
1090 3439 1192 3523 poeti-

54 3538 112 3580 cae
134 3516 235 3602 hujus
258 3521 378 3589 indolis
403 3537 436 3591 et
464 3529 608 3616 amplae,
631 3553 696 3616 qua
724 3531 904 3613 gaudebat,
931 3535 1111 3620 imaginum
1141 3559 1192 3600 eo·

53 3619 129 3702 piae
153 3628 204 3682 est
224 3625 329 3687 oratio
347 3624 404 3690 illa
424 3628 567 3714 publica,
591 3631 644 3693 die
663 3632 766 3694 natali
778 3632 880 3716 Regis
894 3635 1047 3698 versibus
1066 3635 1190 3698 habita.

55 3719 275 3806 Sequentibus
298 3727 409 3809 annis,
431 3733 606 3815 praecipue
626 3730 703 3793 dum
726 3731 903 3813 Gottingae
923 3732 1192 3815 commorabatur,

55 3820 198 3907 plurima
226 3827 371 3890 carmina
398 3833 584 3916 conscripta
616 3828 657 3894 ab
687 3852 726 3893 co
756 3840 847 3912 sunt,
873 3833 994 3916 partim
1022 3831 1131 3918 lepida
1159 3844 1192 3897 et

55 3921 193 4004 festiva,
216 3926 334 4009 partim
358 3930 444 3992 seria
466 3939 499 3993 et
520 3930 710 3995 sublimium
733 3932 968 3995 sententiarum
989 3934 1190 4019 plenissima.

56 4023 130 4087 Non
153 4047 228 4090 raro
252 4048 310 4112 per
340 4028 497 4113 epistolas
525 4030 716 4116 parentibus
750 4040 782 4093 et
809 4033 923 4095 amicis
944 4056 1061 4098 versus
1090 4037 1190 4119 misit,

54 4134 93 4189 ut
113 4135 171 4189 aut
201 4126 289 4191 diem
317 4128 438 4192 festum
467 4131 509 4193 iis
534 4131 769 4214 gratularetur,
796 4143 853 4196 aut
877 4135 1108 4217 cogitationem
1135 4134 1192 4198 ali.

55 4247 154 4312 quam
175 4238 284 4292 mente
306 4239 498 4315 conceptam
520 4242 707 4315 exponeret.

143 4328 355 4394 Consuetudo
377 4331 408 4392 ei
429 4329 539 4395 Kiliae
563 4331 672 4396 fuerat
693 4356 767 4397 cum
783 4336 907 4420 juvenc
926 4336 1068 4420 quodam
1089 4336 1193 4401 nobili

55 4435 86 4490 et
110 4428 232 4511 divite,
253 4432 310 4514 qui
331 4432 395 4495 iter
420 4432 567 4495 facturus
589 4455 649 4519 per
677 4435 906 4517 Germaniam,
930 4436 1192 4521 Francogalliam

939 4536 960 4599 b
967 4536 984 4572 a<
