2884 5184
368 461 643 509 APOLLONIUS
665 461 869 509 RHODIUS.

480 635 551 694 Lib.
572 635 598 694 I.
621 657 651 694 v.
675 634 747 695 749.

125 730 178 799 Ἐν
200 736 234 798 δδ
259 738 339 816 βοῶν
361 733 446 795 ἔσκεν
467 727 567 807 λάσιος
585 728 689 815 νομός·
712 727 792 814 οἰμφί
814 732 846 796 δὲ
867 734 954 815 βουσὶ

131 831 277 919 Τηλεβόαι
294 829 446 916 μάρναντο
468 833 519 896 καί
539 834 617 910 νίἰες
634 826 865 919 Ἠλεκτρύωνος·

128 938 159 1001 oi
177 937 233 1018 μὲν
254 930 518 1018 ἀμειβόμενοι,
539 926 615 1019 ότόο
636 929 696 1018 οἴμ’
721 935 873 1011 ἐθέλοντες
894 930 1029 1019 ιἰμέρσοιι

130 1040 247 1120 ληῖσταί
271 1033 381 1118 Τάφιοι
440 1062 445 1069 ’

53 1145 128 1224 Quid
148 1133 339 1223 ἀμειβόμενοι
359 1143 418 1202 hoo
441 1145 511 1203 looo
530 1145 696 1223 significet,
725 1165 774 1203 me
794 1144 936 1222 ignorare
954 1145 1063 1204 fateor.
1103 1146 1179 1204 Ver·

51 1250 133 1306 titur:
158 1249 190 1304 hi
209 1248 319 1320 quidem
340 1249 509 1318 aecipieotes
527 1250 601 1320 illos,
624 1266 715 1326 quam
737 1246 992 1323 significationem
1013 1266 1075 1305 non
1095 1249 1178 1306 novi.

52 1348 108 1407 Aut
125 1348 324 1407 vehementer
343 1336 435 1405 fallor
457 1355 509 1407 aut
526 1348 691 1426 legendum
711 1355 758 1407 est
780 1336 1023 1424 ἀμυνόμενοι.

484 1449 552 1510 Lib.
571 1448 617 1511 II.
636 1469 666 1507 v.
686 1445 739 1509 28.

319 1612 322 1617 ⁴
460 1540 477 1608 ό
501 1539 533 1607 δ’
557 1540 708 1625 ἰλλόμενός
729 1566 783 1628 περ
804 1537 897 1628 όμίλφ

126 1651 185 1708 τόν
207 1645 263 1725 μὲν
285 1638 328 1709 ἔτ’
351 1637 407 1707 οὐκ
428 1639 540 1728 attyro,
564 1645 612 1707 ἕτιί
636 1638 667 1708 δ’
690 1643 808 1710 ὄσσεται
826 1640 958 1708 οἰόθεν
975 1640 1055 1718 οἷος

127 1742 223 1829 dodona
243 1740 312 1826 τόν,
335 1740 368 1821 ός
390 1771 442 1826 μιν
461 1748 553 1826 ἰτοψε
572 1748 764 1829 παροίτατος,
785 1742 854 1811 οὐδ’
877 1740 1051 1826 ἐδάμασσεν.

53 1843 148 1910 οἰόθεν
170 1844 233 1923 οἰος
249 1852 419 1911 Ηοεοεείοο
441 1860 488 1912 est
503 1851 650 1925 formula,
668 1851 759 1911 Iliad.
779 1852 808 1910 7.
831 1873 861 1911 v.
881 1850 922 1911 39
942 1862 973 1913 et
994 1849 1067 1911 226.
1087 1862 1118 1912 et
1140 1853 1180 1913 ad

53 1955 259 2013 nominativum
287 1954 319 2011 in
343 1961 473 2033 utroque
498 1953 568 2012 1οοο
596 1953 745 2030 refertur,
779 1954 861 2036 quod
885 1954 936 2014 hio
963 1957 1031 2015 fieri
1055 1957 1177 2036 nequit,

54 2073 114 2113 nam
134 2076 194 2115 non
215 2055 301 2115 solue
324 2052 382 2114 leo'
397 2075 467 2114 eum
488 2053 587 2113 virum
604 2056 698 2115 torvis
722 2054 819 2116 oeulis
841 2057 991 2127 intuetur,
1013 2032 1065 2135 qrii
1079 2057 1179 2134 ipsum

56 2156 279 2229 vulneraverat,
310 2154 366 2215 sed
394 2156 493 2215 solnm
523 2176 591 2216 eum
620 2158 719 2217 virum
747 2179 849 2240 neque
879 2176 1054 2238 quenquam
1074 2157 1177 2216 alium.

54 2255 111 2313 lam
127 2276 192 2315 oum
211 2257 399 2338 Apollonius
421 2258 491 2316 aliis
513 2278 636 2337 quoque
657 2259 734 2317 loeis
752 2259 948 2318 Homericam
969 2259 1049 2316 hano
1064 2256 1176 2316 formu·
1242 2326 1244 2329 ¹

55 2355 107 2412 lam
124 2358 294 2418 sententiae
318 2360 542 2419 convenienter
564 2359 749 2432 variaverit,
770 2368 804 2419 ut
822 2363 865 2416 lit.
888 2359 918 2417 4.
940 2379 970 2417 v.
992 2356 1054 2417 418
1076 2349 1180 2416 οἰόθεν

57 2448 111 2515 otoo
134 2466 163 2517 et
187 2459 241 2518 lib.
266 2460 297 2519 4.
326 2481 356 2518 v.
385 2457 444 2519 198
467 2450 570 2518 οἰόθεν
593 2450 670 2534 οίαι,
699 2461 751 2519 hio
777 2481 900 2541 quoque
922 2457 1089 2537 legendum
1107 2478 1175 2518 esse

57 2549 174 2618 οἰόθεν
192 2553 278 2621 οἷον
295 2583 384 2621 nemo
405 2561 565 2622 dubitabit.

418 2662 487 2722 Lib.
508 2663 549 2722 H.
572 2685 603 2722 v.
627 2660 701 2737 192,
727 2661 796 2722 193.

168 2760 219 2822 καί
240 2753 271 2823 δ’
294 2759 340 2822 ἕττί
362 2760 514 2840 μυδαλέην
534 2755 631 2842 ὀδμὴν
649 2761 731 2843 χέον,
752 2752 823 2822 ouidi
843 2784 887 2833 τις
904 2760 972 2840 ἔτλη

168 2855 214 2942 μὴ
236 2856 296 2925 ότι
313 2861 507 2941 λευκανίηνδε
527 2857 776 2943 φορεύμενος,
798 2849 866 2920 ἄλλ’
889 2850 950 2921 dard
967 2865 1058 2940 τηλοῦ

167 2959 255 3045 μηδ’
280 2956 427 3037 ἑστεώς·
450 2957 531 3026 τοῖόν
552 2964 583 3025 οί
602 2954 729 3024 οἰτιίιινεε
750 2963 878 3041 λείψανα
899 2954 1007 3032 δαιτός.

57 3062 96 3121 Ita
118 3066 146 3126 hi
169 3090 279 3130 versus
307 3066 502 3127 aBrunokio
532 3068 687 3127 constituti
716 3074 787 3126 sunt
816 3073 922 3124 eontra
947 3084 1051 3123 omnes
1072 3064 1177 3137 libros,

58 3167 100 3242 qui
123 3190 307 3252 magnopere
333 3170 384 3229 hio
410 3169 543 3229 turbant.
588 3169 690 3228 Versu
714 3166 850 3229 seeundo
877 3166 972 3226 oeteri
995 3185 1100 3225 omnes
1123 3186 1176 3225 ex·

60 3269 142 3345 ceptis
165 3271 315 3332 Parieinis
344 3271 460 3331 habere
487 3270 631 3331 videntur
657 3260 699 3348 μη
729 3266 780 3329 καί
807 3290 869 3328 una
897 3289 966 3328 oum
995 3267 1063 3328 ood.
1092 3268 1128 3325 B.
1159 3290 1177 3327 e

57 3362 188 3432 Parisinis
205 3393 263 3453 pro
287 3393 347 3452 quo
364 3372 432 3431 eod.
450 3373 486 3432 Ε.
509 3368 560 3431 καί
576 3361 617 3450 μη
642 3373 745 3433 habet.
784 3371 888 3432 Ceteri
903 3370 1037 3430 Parisini
1059 3391 1114 3449 pro
1129 3370 1177 3428 his

59 3463 160 3531 duabus
175 3471 296 3533 vooulio
317 3461 414 3549 όδμην
434 3473 542 3551 legunt
559 3481 652 3554 atque
670 3495 775 3553 margo
799 3473 866 3533 eod.
888 3474 924 3531 B.
943 3462 1030 3553 ὀδμῇ.
1067 3473 1175 3532 Tertio

58 3584 135 3629 versu
156 3594 260 3638 omnes
282 3599 322 3638 ne
344 3580 495 3639 Parisinis
518 3576 641 3656 quidem
666 3576 806 3655 exceptis
829 3572 906 3631 illud
927 3561 1001 3649 μηδ’
1023 3574 1175 3649 ignorant,

59 3669 229 3740 aBrunokio
251 3679 370 3740 demum
391 3682 491 3741 textui
509 3680 643 3748 illatum,
671 3674 727 3735 sed
741 3696 797 3753 pro
814 3665 915 3743 ἓσιεοός
928 3673 1044 3730 habent
1061 3664 1177 3746 ἕστηοός.

57 3765 187 3836 Brunokii
209 3781 287 3841 ratio
314 3803 376 3841 non
403 3782 501 3842 solum
525 3778 670 3838 audacior
700 3783 761 3848 est,
790 3794 897 3833 verum
923 3773 1015 3832 etiam
1038 3771 1176 3850 pluribus

59 3865 238 3940 incommodis
269 3892 434 3962 praeterea
466 3880 622 3962 premitur.
666 3877 792 3936 Haereo
821 3876 903 3936 enim
930 3894 992 3932 non
1020 3874 1118 3933 solum
1145 3875 1177 3932 in

59 3977 204 4047 negatione
224 3985 356 4062 repetita
377 3976 434 4062 μὴ,
463 4002 518 4064 pro
542 4000 604 4060 qua
623 3967 680 4039 οόιι
701 3986 928 4056 exspectarem,
960 3994 1067 4035 verum
1087 3993 1176 4053 prae·

59 4074 134 4134 terea
157 4080 188 4140 in
215 4104 293 4144 vooe
320 4080 516 4165 φορεύμενος,
543 4102 623 4163 quae
651 4079 802 4161 quomodo
830 4082 977 4137 admovens
1002 4074 1177 4153 significare

61 4178 143 4246 Possit
167 4203 227 4244 non
255 4185 357 4246 video.
401 4186 446 4247 Ut
468 4185 527 4243 hoe
546 4184 638 4242 etiam
660 4181 789 4254 addam,
820 4199 973 4261 quaenam
992 4177 1041 4236 hio
1061 4175 1175 4248 verbis,

61 4279 88 4329 Ui
111 4280 297 4347 aBrunekio
327 4286 491 4347 constituta
516 4293 603 4357 sunt,
633 4286 714 4343 ineat
743 4281 911 4342 sententia:
945 4282 1004 4337 Nec
1031 4283 1178 4352 qaisquam

61 4374 176 4442 smmum
202 4393 279 4448 illum
304 4391 416 4447 odorem
443 4391 579 4446 αιείίνενε
605 4393 718 4461 posset,
757 4386 858 4442 aedom
886 4384 1020 4456 reliquias
1044 4382 1108 4437 ιλλοε
1135 4383 1180 4438 ori

63 4477 206 4563 adaman,
226 4495 278 4551 sed
294 4509 330 4550 ne
352 4494 459 4566 quidem
478 4492 580 4564 procul
598 4491 634 4546 ab
654 4491 688 4546 iio
706 4494 793 4545 εεααε.
829 4485 990 4565 Nusquam
1006 4483 1086 4544 enim
1099 4480 1177 4561 legi·
