2884 5184
275 391 335 452 122
659 401 855 449 enecone
878 401 1020 448 visis.

272 579 301 651 5,
320 576 349 637 8.
373 599 402 656 p.
427 576 496 636 193.

317 717 320 722 -
438 677 516 736 τίτττε
535 670 569 754 μ’
592 672 638 737 ἀεὶ
658 677 793 747 θείοντος
814 664 868 734 ἄττ’
891 670 1014 754 αἰθέρος
1036 661 1094 756 οἶδε
1116 675 1239 752 χατίζων

439 771 612 856 θειοιίύμοις
627 771 756 854 Ἑκύτην
777 798 819 854 με
839 766 934 853 θεην
955 773 1114 848 ἐκάλεσσας
1135 768 1295 856 ἀνάγκαις.

272 882 399 961 Duplex
427 876 463 956 μέ
488 892 519 942 et
540 874 617 958 θεὴν
638 902 692 959 pro
716 873 810 954 θεὰν,
842 881 868 938 si
890 900 965 937 vere
987 889 1035 937 est
1056 878 1213 957 Spitzneri
1234 881 1394 941 observati«

272 984 380 1060 (Maut.
398 982 488 1042 Obss.
510 983 541 1040 in
554 981 660 1059 Quint.
677 981 799 1060 Smyru.
819 1004 850 1061 p.
868 978 964 1058 262),
987 982 1213 1058 corruptionem
1232 984 1394 1059 posteriori

271 1106 380 1144 versus
401 1083 538 1143 indicere
557 1083 668 1160 possit;
698 1081 753 1140 sed
776 1082 989 1141 abstinendum
1013 1103 1142 1157 cense03
1169 1083 1215 1141 sic
1237 1072 1320 1160 θεὴν
1339 1106 1394 1163 qno

275 1208 334 1266 que
354 1185 470 1244 Euseb.
493 1183 530 1256 5,
552 1182 582 1241 7.
611 1204 641 1261 p.
667 1182 735 1242 191.
759 1183 794 1241 C.
838 1182 889 1241 Ad
908 1183 990 1243 hunc
1012 1186 1113 1243 locum
1133 1186 1315 1262 respexisse
1339 1208 1394 1265 quo-

272 1308 332 1368 que
353 1286 476 1346 videtur
495 1284 623 1344 Suidas:
643 1278 841 1362 θειοδοὶμη,
865 1274 884 1361 η
905 1272 996 1355 θεούς
1018 1278 1206 1362 δαμάζουσα,
1228 1287 1283 1346 ubi
1302 1281 1394 1345 θειό-

271 1389 289 1447 d
296 1411 315 1446 α
322 1410 388 1464 μος
414 1387 588 1466 legendum.
633 1387 743 1465 Neque
769 1385 927 1463 vulgatum
957 1385 1107 1446 defendes
1133 1389 1302 1465 exemplis,
1331 1408 1394 1467 qnae

270 1490 444 1549 Lobeckius
465 1489 590 1567 protulit
611 1488 649 1547 ad
670 1487 760 1566 Ajac.
784 1509 813 1546 v.
840 1486 909 1545 175.
933 1522 974 1530 -
997 1486 1031 1559 5,
1057 1485 1105 1546 16.
1127 1508 1159 1565 p.
1184 1487 1258 1549 204.
1279 1491 1319 1550 D.

429 1581 519 1667 Ἀμφὶ
541 1587 573 1650 δέ
590 1579 691 1649 Πυθὼ
714 1586 776 1647 καὶ
796 1586 967 1667 Κλαρίου
988 1583 1230 1667 μαντεύματα
1253 1591 1364 1671 Φοίβου

436 1684 560 1768 αὐδήσει
581 1683 671 1766 φάτις
691 1682 817 1768 ἡμετέρη
840 1682 1035 1765 θεμιτιύδεσιν
1056 1677 1178 1766 ύμφαῐς.

269 1796 408 1853 Priorem
428 1814 550 1852 versum
573 1794 638 1869 jam
659 1791 853 1850 emendatum
875 1792 1060 1869 scripsimus.
1103 1793 1261 1871 Vulgetur
1281 1784 1393 1872 ἀμέτρως

269 1930 311 1941 -
334 1882 433 1953 Πυθώ
461 1892 492 1952 οἱ
511 1891 644 1971 Κλαρίην
665 1913 694 1951 τε
713 1886 999 1969 μαντεύματα,ἀοί
1021 1895 1172 1971 Vigerus:
1203 1895 1390 1973 „Corruptun

269 1999 369 2056 locum
388 1996 586 2073 manuscripti
603 1994 723 2053 foedius
745 1995 894 2052 lacerant.
931 1995 967 2052 F.
983 2017 1044 2054 non
1059 1997 1252 2056 incommode
1269 1997 1299 2056 οί
1311 2007 1389 2056 mutu

269 2100 302 2158 iu
321 2113 382 2171 σοι,
409 2096 495 2156 nulle
518 2096 579 2155 alia
599 2097 781 2155 mutatione:
809 2096 869 2154 nisi
890 2098 978 2157 mulis
1000 2088 1077 2174 τἰμφλ
1099 2096 1131 2158 δέ
1156 2115 1203 2158 σοι
1225 2089 1326 2158 Πνθύ
1344 2111 1388 2158 etc.

269 2199 403 2260 Perinde
426 2209 526 2258 autem
548 2200 580 2257 in
601 2190 788 2275 μαντεύματα
807 2198 904 2275 prima
920 2200 1101 2278 corripitur,
1124 2209 1158 2259 ut
1178 2221 1272 2279 supra
1292 2202 1323 2260 in
1335 2192 1388 2276 τύμ.

268 2323 349 2362 ττανα
370 2302 559 2361 videbamus.
603 2301 683 2376 Legi
701 2308 805 2358 tamen
826 2301 936 2377 possit:
965 2290 1058 2377 Ἀμφὶ
1079 2298 1111 2360 δὲ
1130 2292 1233 2361 ssve&
1255 2300 1304 2361 ιιαλ
1324 2306 1387 2361 Κλα-

269 2404 354 2484 ρίην,
382 2395 570 2480 μαντεύματα
603 2400 748 2478 Φοίβου.“
797 2402 947 2460 Dolemus
974 2404 1121 2480 Vigerurn
1147 2424 1209 2463 non
1238 2405 1383 2470 indicasse.

269 2502 418 2583 quomodo
443 2513 616 2582 corruptum
640 2503 741 2561 locum
763 2503 930 2562 lacerarint
953 2502 1086 2562 codices.
1131 2504 1222 2582 Quod
1242 2525 1314 2564 vero
1330 2506 1382 2582 ipse

267 2605 363 2682 primo
386 2605 454 2662 loco
477 2605 649 2682 proposuit,
671 2604 757 2664 nulla
780 2625 911 2663 censura
932 2624 1013 2663 nune
1035 2604 1159 2683 quidem
1175 2615 1254 2684 eget.
1289 2607 1381 2685 Neque

268 2705 366 2764 altere
389 2706 535 2764 correctio
555 2705 662 2765 melior
685 2715 748 2780 est3
774 2725 845 2763 nem
864 2696 982 2782 Κλάρος
1005 2725 1066 2764 non
1084 2705 1199 2785 Κλαρίη
1219 2708 1290 2767 urbs
1308 2729 1380 2767 voca·

266 2818 330 2881 tur,
353 2817 539 2887 quapropter
554 2809 696 2886 sequenti
711 2827 834 2887 quoque
849 2807 964 2884 pagina
978 2827 1032 2884 pro
1049 2803 1101 2865 καλ
1123 2800 1268 2886 κραναη
1287 2812 1381 2885 Κλαρίη

266 2910 369 2970 malim
385 2905 435 2968 καί
456 2901 580 2989 κρήνη
602 2906 724 2989 Κλαρίη.
739 2941 778 2949 -
801 2907 835 2979 5,
854 2904 904 2965 22.
927 2928 957 2985 p.
974 2906 1045 2966 214.
1061 2908 1100 2966 Α.
1122 2930 1229 2969 versus
1243 2911 1378 2979 trochaici,

266 3032 342 3089 quos
362 3032 483 3088 prosam
508 3032 576 3071 esse
596 3010 728 3069 editores
752 3006 963 3082 crediderunt,
986 3011 1030 3068 sic
1052 3010 1220 3071 scribendi:

421 3104 524 3170 Ἔστιν
546 3108 578 3169 έν
602 3113 787 3188 Τραχῖνος
809 3107 861 3190 αἴη
884 3111 977 3186 κῆπος
994 3100 1188 3189 Ἡρακληϊος,

428 3201 518 3267 πάντ’
542 3208 616 3286 έχων
638 3202 805 3285 θάλλοντα,
827 3211 900 3268 πᾶσι
920 3207 1096 3289 δρεπόμενος
1116 3205 1302 3290 πανημαδὸν,

431 3296 497 3365 οὐδ’
518 3300 681 3384 ὀλιζοῦται,
703 3307 826 3388 βέβριθε
849 3298 878 3368 δ’
900 3301 1077 3369 ὖδύτεσιν
1097 3310 1276 3390 διηνεκές.

264 3409 449 3485 Impressum
464 3409 621 3486 exemplar
635 3412 785 3487 τριχῆνος,
808 3420 839 3471 et
859 3401 1016 3471 ὑδάτεσσιν
1037 3410 1227 3490 διηνεκέσσιν.
1262 3417 1320 3476 Sed
1331 3437 1370 3493 pro

263 3497 401 3575 ύὸύτεσιν
429 3511 531 3569 malim
560 3510 652 3568 aliam
675 3532 796 3585 vocem,
830 3513 959 3585 fructus,
988 3534 1078 3590 poma
1101 3516 1322 3593 significantem.
1341 3550 1370 3559 -

264 3609 299 3684 5,
320 3609 369 3670 31.
393 3633 422 3689 p.
448 3609 519 3671 226.
542 3613 578 3669 Β.
603 3611 638 3670 C.

432 3714 564 3772 Φαιστού
586 3709 637 3771 καὶ
662 3705 778 3791 Τύρβας
796 3710 897 3772 ναέται
916 3713 992 3773 Δίον
1013 3734 1042 3772 τε
1060 3708 1224 3793 πολύρβον,

427 3815 565 3893 Πυθιβον
585 3809 706 3890 κέλομαι
729 3809 833 3872 τελέειν
856 3813 979 3891 Φοίβοιο
1002 3806 1182 3894 καθαρμὸν,

426 3905 616 3992 εύανέοντας,
638 3904 717 3984 λίποις
741 3906 862 3992 Κρήτην
884 3907 1200 3993 καταναιετοὶητε,

424 4005 466 4073 di
472 4015 492 4091 β
498 4034 540 4072 ον
561 4002 601 4091 μὴ
621 4012 769 4093 πατρίοισι
785 4007 887 4089 νόμοις
908 4012 959 4073 καὶ
981 4018 1065 4094 Ζῆνα
1083 4012 1228 4093 σέβοντες,

260 4116 371 4174 ubine
392 4116 459 4193 quis
480 4115 601 4175 divisim
623 4115 737 4175 scribet
758 4107 834 4173 κάτα
848 4110 1014 4192 ναιετύητε,
1035 4116 1136 4175 obstat
1150 4118 1214 4194 ipse
1228 4115 1358 4182 Eusebius,

260 4215 416 4273 oraculum
438 4215 496 4274 hoc
517 4217 548 4274 in
570 4236 657 4275 suurn
676 4235 765 4275 usum
784 4218 828 4275 sie
848 4219 1021 4277 invertens:

422 4307 513 4391 ὄλβου
533 4312 583 4373 καλ
603 4314 710 4391 μανίας
731 4311 845 4390 ναέται,
867 4318 978 4374 πολλοῦ
999 4304 1036 4373 θ’
1060 4308 1121 4392 ἅμα
1144 4308 1247 4392 τύφου,

420 4410 530 4472 οἰκεῖον
543 4410 655 4496 τελέειν
675 4411 795 4494 κέλομαι
812 4408 913 4497 λήροιο
935 4406 1108 4494 καθαρμὸν,
