2884 5184
264 432 303 492 16
591 443 775 502 omnies
798 442 1062 491 suminus.

392 607 507 677 διιιᾶκι
526 610 616 677 τόσσα
637 615 782 698 φέροντας
801 608 898 696 ὑπὲρ
917 611 1051 689 πόλιός
1071 637 1107 676 τι
1127 613 1192 675 καλ
1214 602 1349 674 αὐτῶν.

265 718 368 797 Saepe
390 719 435 776 sic
465 720 497 777 in
521 719 617 798 epicis
641 720 673 777 in
695 720 756 779 hec
777 719 910 778 formula
931 710 1038 795 αὐτὸν,
1067 707 1175 789 altos
1198 717 1236 776 de
1256 718 1332 795 ipsis
1352 717 1387 775 in·

264 819 355 892 colis,
379 820 561 898 praesertim
583 819 622 879 de
644 822 719 880 viris
740 828 919 899 usurpatur,
942 821 1035 879 etiem
1052 820 1105 880 ubi
1126 817 1212 877 eliud
1231 837 1389 897 pronomen

264 928 443 999 exspectes,
468 931 502 979 ut
523 920 553 979 h.
576 920 597 979 l.
623 914 711 999 ἡμῶν
734 913 841 984 αὐτῶν.
885 919 1150 1000 Simplicissimum
1174 929 1237 993 est,
1263 929 1298 979 ut
1322 919 1388 994 legi·

263 1031 312 1081 tur
336 1018 374 1094 8,
399 1017 469 1078 211.

393 1112 549 1199 Εὐρύπυλ’
572 1105 651 1199 ἧκον
672 1119 746 1198 ἔφης
767 1122 899 1182 Δαναῶν
918 1118 987 1193 νέοις
1005 1109 1071 1198 ιἠδλ
1090 1117 1154 1180 καλ
1174 1109 1318 1189 αὐτοὺς

395 1217 531 1305 (ipsisne.

265 1326 349 1406 qnod
368 1325 455 1384 nulle
477 1323 684 1404 explicatione
708 1331 789 1399 eget.
812 1321 886 1381 Sed.
906 1319 941 1394 9,
965 1321 1016 1382 89.

392 1416 428 1486 οὗ
448 1415 508 1505 γὰρ
524 1417 729 1503 Ἀλεξάνδροιο
749 1419 829 1483 σέλει
848 1419 916 1500 πέρι
935 1426 1076 1499 μοῦνος
1099 1415 1209 1494 ἄεθλος

390 1517 458 1589 οὐδ’
477 1519 612 1603 Ἑλένης,
635 1513 702 1583 ἄλλ’
727 1521 787 1585 ἔστι
807 1520 875 1603 περὶ
893 1515 1012 1595 πτόλιός
1030 1543 1060 1582 τε
1082 1520 1144 1582 καλ
1163 1513 1296 1582 αὐτῶν.

265 1642 327 1706 est,
362 1640 397 1691 ut
425 1632 456 1689 in
483 1631 588 1709 pnimo¹
606 1626 677 1686 loco
704 1644 760 1704 pro
787 1615 875 1701 ἡμῶν
903 1612 1011 1684 cccciv.
1061 1625 1122 1684 Pro
1153 1626 1263 1701 μοῦνος
1299 1623 1386 1681 melin

266 1725 419 1809 μούνου.
441 1730 521 1790 Ibid.
544 1751 575 1788 v.
601 1725 671 1785 119.

618 1826 727 1907 κραδίη
749 1824 783 1886 δέ
801 1824 833 1885 ei
852 1823 884 1884 έν
906 1824 962 1885 δαῒ
978 1826 1092 1904 μᾶλλον

392 1924 540 2011 ὥρμαινον
559 1926 721 1989 πονέεσθαι
740 1920 817 2006 ὑπὲρ
835 1924 943 1987 τεκέων
963 1948 994 1987 τε
1015 1924 1078 1987 καὶ
1095 1919 1220 1987 αὑτοῦ

264 2035 336 2094 vide
357 2056 397 2093 ne
418 2034 511 2093 fuerit
532 2027 599 2092 καί
621 2022 744 2091 αὑτοῦ.
790 2029 843 2089 Sic
862 2049 985 2112 quoque
1008 2027 1041 2102 9,
1066 2027 1137 2087 534.

723 2122 786 2208 ἅμα
804 2120 834 2190 δ’
853 2120 907 2209 ἠοῖ
924 2130 1011 2190 δαῖτα
1028 2127 1153 2190 πένοντο

390 2225 492 2308 αὐτοῖς
510 2223 562 2312 ἠδ’
582 2232 700 2294 innotos

265 2340 285 2396 i.
310 2360 337 2398 e.
363 2335 495 2408 έαντοῖςς
518 2338 557 2397 ef.
579 2336 632 2410 11,
653 2333 727 2395 432.
770 2335 848 2396 Inde
869 2356 932 2395 non
950 2333 1055 2393 dubito
1078 2335 1113 2406 7,
1136 2331 1208 2391 510.
1232 2353 1304 2411 pre:

394 2428 434 2509 o‘ic
452 2428 501 2518 ἄρ’
523 2427 705 2515 ἀμυνόμενοι
724 2438 806 2513 νηῶν
823 2429 898 2516 ὅπερ
919 2424 987 2514 ἠδέ
1009 2433 1072 2494 καὶ
1089 2423 1259 2513 ἀνδρῶν,

393 2536 502 2615 μίμνον
523 2534 556 2597 ἒν
574 2529 685 2619 ὑσμίνη

267 2661 306 2700 ex
333 2639 474 2699 sollemni
500 2638 720 2698 consuetudine
746 2636 941 2698 scribendum
970 2658 1053 2697 esse:
1084 2625 1153 2714 ἠδὲ
1178 2633 1241 2695 καλ
1270 2626 1385 2695 αὐτῶν.

267 2740 339 2801 Sed.
363 2738 401 2814 9,
425 2739 495 2799 140.
517 2739 598 2800 bene
620 2739 777 2799 sehabet.
831 2822 833 2825 v

768 2836 880 2923 πάσῃσι
899 2837 932 2901 δέ
951 2843 1023 2920 μυῖα

392 2939 510 3022 ένρομεν
527 2931 719 3026 ιῦχομένησιν
736 2932 811 3024 ὑπὲρ
828 2938 936 3003 τεκέων
953 2961 983 3001 τε
1000 2938 1066 3001 καὶ
1087 2930 1239 3022 ἀνδρῶν

390 3032 445 3121 ἠδέ
464 3037 652 3124 κασιγνήτων

264 3145 408 3204 mulieres
433 3147 514 3204 enim
532 3146 689 3222 Trojanee
711 3146 867 3225 supplices
889 3146 974 3206 Deos
996 3146 1125 3206 orabant
1140 3167 1195 3226 pro
1216 3147 1305 3219 filiis,
1326 3144 1382 3203 vin

265 3254 296 3304 et
316 3244 477 3318 fratribus,
499 3247 551 3326 qui
568 3232 761 3324 pugnabant3
786 3247 829 3305 ibi
849 3243 899 3305 καλ
918 3242 1017 3307 αὐτῶν
1037 3250 1114 3307 nihil
1135 3248 1219 3307 eliud
1241 3269 1309 3307 esse
1329 3264 1381 3325 pos·

265 3353 328 3418 set,
350 3364 457 3423 quam:
480 3365 535 3424 pro
558 3366 591 3405 se
613 3347 688 3425 ipsis
715 3349 854 3409 orabant.
873 3383 915 3393 —
936 3369 966 3408 v.
986 3347 1036 3408 79.
1059 3339 1117 3428 ἐγὼ
1138 3347 1177 3408 δέ
1193 3371 1246 3409 τοι.
1279 3348 1382 3409 Melius

266 3446 299 3503 ni
319 3445 425 3519 fallor,
447 3438 504 3524 ἐγώ
522 3444 563 3526 γέ
582 3467 636 3506 τοι.
658 3481 699 3491 -
729 3470 760 3507 v.
781 3448 851 3510 187.
874 3441 1031 3521 ὕστατος
1050 3443 1145 3523 ι’ίιινος
1158 3471 1219 3537 pro
1241 3441 1381 3525 ὕστερος

266 3556 454 3627 occuparunt
467 3549 534 3626 jem
552 3548 793 3610 Rhodemennus
814 3564 845 3609 et
865 3549 1018 3630 Spitzner.

265 3668 295 3706 v.
319 3646 390 3709 224.
686 3636 748 3711 εὖτ’
771 3638 911 3710 ἆλίαστον
932 3647 979 3710 ecl
1000 3649 1090 3729 νέφεα
1113 3650 1259 3713 scenicos

394 3737 577 3829 θηηόμεν’
601 3741 769 3828 ἀλλήλοισι,

263 3850 315 3910 nbi
342 3840 488 3928 θηγόμεν’
516 3872 572 3931 pre
602 3842 748 3930 γηθόμεν’
779 3872 820 3913 ex
847 3853 1061 3916 Rhodomenni
1086 3854 1275 3916 correctione
1303 3851 1380 3914 venii

264 3952 316 4031 qui
338 3953 445 4011 vertit:
467 3952 548 4012 inter
570 3972 604 4012 se
627 3954 767 4015 collisae.
810 3954 874 4014 Sed
894 3958 1049 4016 nonsatis
1070 3957 1219 4034 intelligo.
1258 3956 1380 4013 Praestet

263 4052 315 4109 vel
336 4040 523 4130 τειρόμεν’
554 4052 607 4112 vel
633 4046 861 4131 κλησσόμεν’
891 4055 943 4114 vel
968 4057 1067 4116 simile
1094 4056 1178 4136 quid.
1222 4054 1379 4115 Lobeckius

263 4140 418 4226 θεινόμεν’
442 4153 584 4230 conjecit.
605 4188 647 4197 -
667 4176 698 4214 v.
721 4153 901 4216 298-300
928 4156 1047 4237 aliquid
1070 4156 1224 4217 excidisse
1244 4157 1378 4235 suspicor;

263 4246 295 4305 οί
311 4245 344 4307 (λλ
369 4251 449 4309 enim
471 4271 531 4329 quo
549 4254 716 4329 referetur,
738 4255 925 4317 nonhabet.
948 4291 990 4301 -—
1007 4279 1038 4317 v.
1059 4257 1132 4318 306.
1235 4282 1250 4309 -·

630 4350 734 4424 μέλλεν
754 4351 787 4414 δὲ
803 4353 884 4439 φίλῳ
904 4355 972 4436 περὶ
993 4355 1080 4418 παιδὶ
1101 4355 1153 4416 καλ
1174 4347 1262 4428 αὐτὸς

391 4450 511 4505 κεῖσθαι
530 4441 608 4522 ὁμῶς
626 4449 796 4527 κταμένοις,
819 4453 1058 4536 ἐναλίγκιον·
