2884 5184
200 452 289 499 mv
518 443 603 489 vrrs
622 442 702 489 cin.
723 439 853 486 nnuov.
871 437 1016 485 srnuvu.

202 618 379 683 liberorum
400 615 556 701 progenie
576 621 709 675 auctum
733 618 948 693 ornatumque
970 615 1030 670 est.
1060 605 1344 690 Absolntoopere

202 719 320 782 diurno
341 714 500 780 videbant
519 734 593 775 eum
614 711 711 777 dulce
740 713 844 774 otium
867 716 1026 771 terentem
1055 707 1152 770 modo
1186 708 1230 771 ad
1264 728 1344 793 pro

201 822 310 907 prium
329 818 455 896 focum,
477 812 605 876 modice
632 835 672 877 ac
696 833 796 900 parce
823 819 1042 889 exstructum,
1064 807 1161 870 modo
1185 809 1221 870 in
1242 815 1345 892 grata

202 920 357 983 societate
380 916 506 1000 aliquot
527 913 728 978 familiarum
750 911 1103 995 conjunctissimarum,
1118 909 1232 994 quales
1244 918 1345 972 erant

202 1018 347 1083 familiae
370 1017 592 1104 professorum
612 1012 808 1079 Rambachii
829 1020 863 1075 et
884 1010 1103 1095 Segelbacbii.
1132 1011 1173 1074 In
1194 1011 1246 1074 his
1266 1032 1345 1074 coe·

201 1120 291 1185 tibus
314 1118 433 1183 Struve
450 1125 550 1203 caput
571 1125 643 1180 erat
662 1135 848 1179 sermonum
869 1121 903 1175 et
928 1110 1241 1176 confabulationum.
1284 1110 1344 1173 In-

201 1221 336 1306 genium
357 1219 430 1304 ejus
451 1217 572 1282 mobile
601 1225 635 1280 et
663 1216 708 1280 ad
729 1216 862 1279 diversa
889 1211 1033 1276 ineunda
1057 1221 1170 1298 aptum
1200 1213 1345 1276 delecta-

201 1321 309 1383 tiones
331 1319 509 1382 amicorum
529 1320 660 1382 variare
687 1326 720 1380 et
749 1315 818 1379 sale
843 1314 1038 1397 facetiisque
1067 1335 1228 1378 exornare
1251 1312 1344 1377 vale·

201 1420 274 1502 bat,
297 1421 416 1505 quain
442 1441 478 1483 re
499 1418 704 1504 aliquantum
727 1416 868 1482 subsidii
893 1413 1023 1499 poetica
1049 1414 1176 1479 indoles
1203 1415 1234 1478 ei
1264 1412 1344 1477 sub-

202 1519 421 1584 ministrabat.
459 1522 615 1584 Attamen
638 1543 704 1585 non
725 1518 829 1584 solum
851 1518 886 1579 in
913 1516 1052 1578 arctiore
1077 1515 1139 1580 hoc
1163 1536 1344 1602 paucorum

203 1621 381 1684 amicorum
402 1621 525 1685 circulo
532 1671 541 1701 ,
568 1621 805 1686 verumetiam
830 1618 867 1679 in
884 1616 1008 1701 majore
1037 1616 1161 1680 civium
1185 1618 1344 1680 societate

202 1720 268 1784 viri
296 1722 460 1804 ingeniosi
487 1730 520 1783 et
549 1721 674 1784 strenui
701 1720 833 1783 laudem
861 1718 927 1782 sibi
952 1717 1162 1801 conquisivit.
1208 1715 1344 1779 Summo

205 1840 280 1883 cnm
302 1820 412 1883 studio
439 1823 585 1884 animum
604 1830 675 1884 tum
693 1820 838 1885 advertit
859 1817 988 1900 dubiis,
1004 1826 1042 1882 ut
1063 1818 1163 1882 totius
1177 1817 1344 1902 Europae,

204 1920 251 1981 ita
274 1921 415 1984 maxime
436 1921 633 1985 Germaniae
652 1922 769 2003 rebus,
789 1943 886 2007 quam
907 1922 943 1983 in
965 1920 1121 1983 ditionem
1143 1940 1235 1983 suam
1257 1918 1345 1981 redi-

203 2038 281 2100 gere
309 2018 496 2085 minabatur
516 2022 545 2084 F
546 2021 808 2107 rancogallorum
834 2022 887 2084 vis
908 2019 1076 2084 indomita.
1128 2020 1226 2083 Anno
1249 2020 1345 2099 1812,

202 2114 290 2180 bello
311 2137 332 2177 a
352 2117 539 2204 Napoleoue
552 2122 691 2187 Rossiae
713 2121 823 2203 illato,
847 2143 948 2208 quum
966 2143 1078 2185 omnes
1101 2122 1263 2186 intentum
1284 2143 1345 2184 an-

205 2216 364 2300 xiumque
385 2221 528 2286 animum
550 2223 593 2287 ad
618 2223 732 2288 futura
758 2224 983 2304 adverterent,
1012 2222 1171 2306 Patruus,
1201 2223 1346 2308 sapienti

204 2314 437 2380 Providentiae
459 2324 590 2387 numine
614 2327 774 2407 confisus,
800 2347 860 2411 pro
886 2322 975 2387 virili
1002 2334 1095 2410 parte
1122 2324 1244 2389 civium
1272 2323 1345 2384 ani-

203 2436 274 2478 mos
293 2415 418 2498 erigere
437 2428 470 2481 et
491 2424 669 2506 similibus,
696 2446 781 2509 quae
802 2423 941 2488 historia
963 2425 1160 2511 suppeditat,
1183 2422 1345 2507 exemplis

205 2514 334 2577 firmare
355 2516 492 2581 studuit.
537 2524 592 2587 Sic
613 2524 667 2587 die
697 2527 803 2609 15s27.
824 2525 946 2588 mensis
969 2525 1173 2612 Septembris
1194 2523 1346 2610 ejusdem

205 2615 301 2693 anni,
324 2633 388 2697 quo
413 2613 465 2676 die
488 2616 714 2687 Sollemnia
737 2621 938 2689 Coronati
959 2625 1196 2690 Alexandri
1215 2626 1345 2711 Impe-

205 2713 364 2777 ratoris
394 2714 591 2798 agebantur,
625 2743 726 2808 quum
748 2732 844 2788 atrox
873 2725 995 2791 bellum
1028 2728 1063 2790 in
1093 2728 1182 2812 agris
1204 2728 1346 2791 Bossiae

205 2817 378 2901 flagraret,
400 2815 519 2879 struve
541 2815 577 2879 in
595 2825 766 2905 gymnasio
786 2828 1031 2892 memorabilem
1053 2835 1140 2892 certe
1163 2828 1346 2893 orationem

205 2917 337 2999 habuit;
357 2919 447 2981 cives
470 2915 557 2978 enim
578 2919 770 3008 exhortans,
793 2934 830 2989 ut
843 2927 917 2992 Deo
932 2929 1081 3015 Ejusque
1096 2930 1247 3014 justitiae
1267 2951 1344 2991 con-

206 3017 361 3099 fiderent,
386 3018 513 3081 animos
534 3039 645 3081 eorum
665 3027 832 3103 praesenti
854 3026 1043 3094 discrimine
1065 3030 1207 3094 afflictos
1231 3051 1344 3093 conso-

206 3115 348 3197 labatur,
370 3118 406 3179 in
426 3118 617 3180 memoriam
639 3141 794 3192 revocans
824 3128 1010 3215 exemplum
1037 3132 1128 3196 istud
1157 3130 1254 3193 Darii
1274 3130 1347 3216 Hy-

208 3218 329 3302 staspis
350 3216 528 3278 Persarum
549 3218 655 3299 regis,
677 3223 769 3303 cujus
789 3231 958 3293 temeritas
981 3231 1016 3295 vi
1038 3240 1071 3295 et
1097 3234 1348 3318 perseverantia

209 3314 406 3400 Scytharum
428 3313 534 3377 fracta
556 3324 616 3378 est.
660 3316 753 3395 Quae
773 3331 891 3413 oratio,
915 3331 1078 3418 extemplo
1099 3333 1188 3419 typis
1210 3355 1346 3417 excusa,

208 3414 353 3477 maxima
385 3416 530 3478 omnium
559 3416 795 3486 acclamatione
828 3440 966 3518 excepta
998 3442 1057 3496 est.
1110 3435 1263 3520 Repetite
1292 3444 1347 3498 est

207 3522 322 3600 postea
343 3516 378 3577 in
400 3514 485 3579 libro
508 3515 597 3600 ejus:
627 3518 892 3610 Abhandlungen
912 3534 980 3597 und
1003 3534 1136 3616 Reden,
1156 3535 1253 3597 meist
1273 3533 1345 3620 pbi-

208 3613 411 3699 lologiscben
448 3615 517 3679 und
547 3617 818 3704 padagogisoben
846 3627 979 3698 Inhalts.
1006 3635 1221 3719 Kbnigsberg
1251 3636 1346 3698 1822.

208 3717 238 3779 8.
262 3740 294 3802 p.
317 3719 443 3780 1-24.
490 3717 567 3803 lpse
583 3719 618 3781 in
634 3719 744 3784 Praei.
767 3747 798 3809 p.
822 3724 952 3797 XVIII.
978 3735 1058 3799 haee
1087 3735 1216 3799 scribit:
1240 3733 1346 3817 „Ora-

205 3818 253 3881 tio
269 3815 327 3880 illa
348 3819 436 3884 intra
452 3817 589 3882 biduum
611 3820 787 3886 scribenda
802 3826 882 3889 mihi
903 3838 987 3908 erat,
1009 3837 1159 3915 quoniam
1173 3857 1347 3919 argumen-

208 3925 277 3980 tum
295 3916 366 4001 jam
385 3919 478 4003 prius
503 3918 643 3983 electum
663 3932 696 3985 ct
719 3923 828 3988 animo
843 3948 1042 4011 perpensum
1063 3953 1084 3993 a
1100 3958 1152 4000 me
1172 3936 1346 4021 rejicieba-

204 4027 274 4098 tur,
302 4040 402 4102 quum
424 4021 567 4103 primum
586 4023 722 4086 nuntius
744 4033 860 4110 captae
883 4027 1041 4114 Mosquae
1065 4034 1107 4095 ad
1126 4057 1183 4100 nos
1202 4046 1253 4100 est
1272 4059 1346 4122 per·

206 4113 303 4179 latus.
354 4117 438 4181 Tum
466 4117 620 4183 idoneum
646 4118 778 4208 tempus
807 4123 954 4190 oblatum
982 4129 1063 4193 mihi
1088 4131 1278 4216 videbatur,
1305 4146 1345 4201 ut

206 4211 331 4277 factum
353 4216 517 4299 quoddam
538 4222 744 4305 antiquitatis
770 4226 805 4287 in
827 4224 934 4290 lucem
953 4229 1142 4313 proferrem,
1166 4253 1228 4317 quo
1248 4234 1349 4299 fracti

206 4309 383 4421 multorum
410 4316 512 4377 animi
533 4317 749 4386 firmarentur.
793 4324 909 4390 Oratio
934 4329 1092 4412 majorem
1116 4331 1267 4417 plausum
1294 4342 1348 4396 tu-

198 4405 253 4485 ht,
290 4430 388 4491 quam
413 4425 682 4507 exspectaveram
715 4430 748 4484 et
790 4425 863 4515 ipsa
889 4428 1006 4497 merita
1034 4440 1114 4497 erat.
1164 4432 1257 4503 Intra
1284 4457 1349 4503 aex
1418 4510 1423 4519 ,
