2884 5184
581 428 850 478 resederis
871 430 1042 478 GRAECA

414 614 553 683 byrsae
1009 613 1177 665 seneteon

414 722 584 783 uexpyeoy
1009 727 1163 787 menopes

414 826 533 867 eeeuoo
1012 809 1151 869 oennkio

415 908 568 988 Hpoeuuo
1007 909 1198 988 tuseypstei

410 1009 567 1091 kpetessoi
1011 1011 1143 1089 ekisepa

413 1111 583 1189 tbsaptauo
1011 1112 1190 1191 eteeebopei

414 1214 579 1291 oyseitson
1009 1214 1160 1274 teieieset

415 1315 542 1375 ossteio
1009 1333 1192 1394 peooyoaue

414 1417 539 1477 estsoei
1009 1416 1156 1476 neieeeirs

417 1518 559 1580 eiketssi
1008 1518 1126 1577 itesste

413 1622 562 1697 keessoy
1009 1619 1125 1693 eitee3e

414 1727 540 1798 esspote
1010 1719 1140 1799 ssponis.

248 1840 337 1900 Haeo
359 1839 386 1897 si
404 1824 545 1911 κιονηβὸν
565 1834 696 1911 legeris,
718 1836 762 1895 ite
782 1831 912 1893 Graecis
932 1834 1031 1895 literis
1051 1840 1323 1916 repraesentabis:

413 1963 530 2028 ψνχμνε
550 1969 657 2029 μεχρνς
678 1969 715 2008 ον
737 1949 842 2025 δεσμος
858 1967 934 2027 προς
955 1970 1020 2027 ope
1040 1971 1189 2031 κρντειται

413 2055 537 2132 φθαρτν
558 2067 669 2112 νοονσν
685 2053 774 2127 παθη
793 2053 920 2127 θνηιοις
937 2051 1060 2130 etymon
1079 2072 1151 2112 εινει

414 2175 503 2232 ηνινα
520 2154 665 2232 amisson
684 2171 787 2233 ρονεην
807 2170 879 2228 μετα
896 2167 980 2229 sorno
1000 2158 1157 2234 μορανθεν

415 2268 543 2332 mutereo
564 2274 684 2333 οορητνι
704 2272 738 2312 εκ
760 2255 848 2331 ιθερα
865 2268 947 2312 moe
969 2275 1104 2335 φορειται

414 2376 478 2417 αιεν
499 2376 602 2437 εγραος
622 2369 681 2415 νον
700 2374 786 2432 μεναι
807 2352 868 2414 does
889 2373 972 2430 μπαν
991 2375 1035 2414 sss
1055 2399 1063 2415 .
1086 2404 1093 2417 .
1117 2401 1125 2416 .

415 2499 612 2520 .......
637 2455 747 2529 drosege
762 2475 880 2535 προνιο.

333 2590 457 2648 Initium
470 2606 577 2647 versus
592 2585 691 2645 ultimi
708 2584 832 2658 deesse,
852 2594 953 2665 petet3
976 2594 1138 2665 praeterea
1155 2608 1278 2647 versum
1293 2591 1375 2669 quin·

248 2701 312 2749 tum
331 2708 479 2770 perquam
491 2696 674 2768 eorruptnm
695 2706 714 2744 e
738 2684 844 2745 codiee
867 2686 1019 2762 exhiberi3
1042 2687 1098 2746 sed
1113 2708 1263 2765 agnosces
1278 2698 1377 2748 tamen

249 2782 380 2871 ἀγήραος
406 2791 438 2849 in
465 2809 583 2869 εγραος,
609 2773 685 2848 οὖσα
705 2789 738 2847 in
759 2801 832 2864 νον,
859 2783 939 2864 μένει
959 2788 991 2846 in
1012 2808 1115 2863 μενοι,
1144 2776 1175 2846 δ’
1198 2787 1239 2860 εἰς
1255 2792 1287 2848 in
1308 2790 1375 2864 δσει,

249 2893 301 2953 ubi
329 2893 437 2951 literae
463 2889 668 2971 transpositae
695 2899 781 2965 sunt3
809 2895 971 2968 praeterea
999 2891 1032 2949 in
1059 2908 1141 2965 μνον
1161 2891 1278 2970 primae
1299 2891 1374 2950 duee

247 2996 356 3055 literae
382 2993 579 3066 exciderunt,
614 2999 645 3050 et
672 3010 716 3049 sss
739 2990 859 3050 initium
887 2990 973 3050 voois
1007 2978 1124 3068 ἆτειρής
1156 3001 1370 3071 repraesentet.

246 3096 346 3155 Versu
374 3103 482 3174 quarto
507 3114 540 3152 εκ
564 3113 620 3174 pro
647 3087 676 3164 ἐς
702 3092 836 3172 positum
859 3099 921 3165 est,
949 3097 983 3149 ut
1007 3091 1130 3169 saepius
1146 3092 1213 3169 jam
1234 3113 1253 3149 ν
1273 3109 1372 3150 cumo

247 3197 406 3254 confusum
427 3194 567 3252 vidimus.
604 3192 739 3272 Reliqua
758 3193 915 3269 vulgatam
929 3191 995 3251 fere
1009 3191 1173 3251 lectionem
1190 3192 1369 3262 confirmant,

246 3295 305 3353 nisi
329 3292 411 3373 quod
431 3313 498 3351 oum
521 3292 703 3352 editionibus
723 3292 879 3351 veteribus
901 3287 999 3370 μέχρις
1018 3275 1070 3366 οὗ,
1089 3292 1186 3351 vitato
1206 3293 1303 3364 hiatu,
1324 3312 1369 3350 οο-

246 3393 307 3452 dex
336 3411 458 3472 quoque
476 3392 653 3464 eonfirmot,
684 3392 828 3473 quodque
849 3390 973 3470 βροτέην
994 3413 1062 3452 oum
1085 3393 1223 3452 omnibus
1241 3394 1369 3472 reliquis,

246 3502 378 3573 excepte
400 3491 534 3552 editione
553 3492 598 3565 A,
620 3493 782 3552 Lactantio
804 3492 920 3565 reddit,
943 3513 1077 3573 proquo
1100 3493 1182 3553 unde
1204 3494 1366 3552 Bunemen·

244 3614 301 3653 nus
333 3590 462 3672 βροτέων
494 3592 667 3672 scripserit,
699 3595 815 3653 neseio.
865 3595 966 3654 Versu
997 3595 1101 3653 ultimo
1134 3596 1209 3652 θεοῦ
1242 3600 1368 3673 praestet
1414 3611 1415 3614 ¹

245 3696 414 3774 scripturae
437 3693 516 3772 θεῷ,
539 3713 630 3774 quam
645 3692 828 3773 Opsopseus
850 3696 983 3755 exhibet.
1023 3694 1086 3755 Sed
1107 3705 1270 3773 praeterea
1285 3714 1368 3753 versu

242 3798 332 3855 tertio
361 3789 460 3855 codex
486 3803 589 3853 noster
613 3794 695 3853 tollit
716 3797 838 3873 insigne
859 3797 966 3854 vitium
988 3797 1162 3869 metricum,
1191 3805 1252 3875 quo·
1274 3804 1367 3855 cetera

243 3897 345 3954 omnin·
363 3896 551 3975 exemplaria
567 3894 718 3981 laborent.
756 3895 880 3955 Etenim
898 3887 1041 3967 οἶνοὶλνσις
1057 3898 1185 3976 primam
1207 3896 1365 3976 producere

242 4017 304 4055 non
324 4004 434 4076 potest.
480 3993 544 4054 Sed
568 3995 638 4071 legs
661 4015 678 4053 e
699 3996 839 4073 vestigiis
857 3996 948 4075 hujus
971 3997 1098 4057 codicis:
1237 3985 1240 3990 ’

406 4098 488 4187 ἡνίκ’
511 4098 676 4185 ἆνηλνσίην
697 4106 822 4188 βροτέην
842 4130 870 4168 κ.
889 4132 913 4168 τ.
936 4113 961 4169 λ.

242 4225 325 4284 Nam
346 4226 404 4284 etsi
421 4219 603 4303 praeeessit'
613 4213 714 4300 ψυχὴν
734 4220 805 4301 μὲν,
829 4225 938 4285 deesse
959 4234 1030 4305 post
1046 4214 1138 4303 ἡνίκα
1151 4223 1363 4284 adversativam

244 4318 276 4381 δὲ
292 4324 376 4383 nullo
398 4323 487 4383 modo
508 4325 616 4383 mirum
635 4324 736 4383 videri
759 4324 866 4398 debet,
890 4345 957 4383 oum
975 4325 1053 4383 haee
1071 4325 1102 4382 in
1125 4326 1225 4384 soluto
1240 4325 1361 4383 oratione

247 4420 324 4476 adeo
352 4431 423 4496 post
450 4418 512 4478 ἐπεὶ
530 4431 561 4480 et
579 4413 679 4498 ἐπειδὴ
701 4443 852 4482 nonraro
872 4425 1036 4482 omittetur.
1078 4412 1237 4501 Ἀνηλνσίν
1254 4444 1276 4481 s.
1296 4413 1361 4495 ἀνρ-
