2884 5184
244 442 358 489 XXXIV
563 440 648 487 VITA
672 439 750 487 OAB.
771 439 902 488 Lonov.
926 439 1071 487 S'l'BUVE.

246 609 455 673 existimatio.
495 609 633 694 Saepius
662 611 792 674 occasio
816 611 846 673 ei
876 608 988 674 oblata
1012 616 1062 672 est
1091 605 1273 688 derebus,
1300 627 1401 690 quae

245 707 403 792 majorem
436 705 604 770 hominum
640 708 857 791 ingenuorum
889 727 1041 772 coronam
1075 703 1237 769 delectare
1265 703 1402 785 solent,

245 805 376 892 publice
396 802 550 890 loquendi
569 805 605 868 in
626 806 783 869 societate
797 806 959 888 literaria,
981 826 1066 890 quae
1087 812 1224 870 vocatur
1246 802 1403 867 Germa-

245 907 335 982 nica,
368 903 527 987 cujusque
563 902 686 966 sodalis
717 903 815 989 paulo
848 911 923 989 post
951 902 1130 966 adventum
1157 901 1265 965 factus
1303 909 1403 964 erat.

246 1004 301 1066 Sic
321 1002 499 1065 orationem
517 1000 634 1064 habuit
656 1000 696 1064 de
717 1002 863 1065 tenebris
891 1001 1013 1064 veteris
1041 1000 1214 1080 historiae,
1241 999 1282 1062 de
1314 1020 1404 1062 nar-

244 1100 427 1166 rationibus
445 1100 645 1164 Graecorum
666 1100 850 1183 amatoriis,
880 1099 921 1162 de
948 1098 1076 1163 duobus
1103 1098 1237 1163 Goethii
1265 1099 1403 1161 carmi·

244 1199 342 1264 nibus
365 1219 541 1283 eorumque
569 1197 728 1263 fontibus.
770 1198 855 1262 Fere
876 1218 989 1261 omnes
1011 1196 1072 1259 hae
1092 1197 1272 1278 orationes,
1300 1219 1403 1281 quae

244 1308 277 1363 et
295 1299 332 1361 in
350 1294 523 1359 annalibus
544 1294 643 1379 hujus
666 1298 832 1360 societatis
862 1318 883 1359 a
903 1294 944 1359 V.
964 1295 1008 1358 D.
1031 1295 1211 1359 Schuberto
1227 1295 1334 1359 editis
1363 1304 1403 1359 et

245 1416 391 1462 seorsum
421 1396 511 1480 typis
541 1395 808 1478 excudebantur,
835 1417 956 1480 magno
983 1396 1126 1459 omnium
1158 1396 1276 1480 plausu
1309 1403 1400 1457 sunt

244 1503 412 1581 exceptae.
449 1492 609 1557 Goethius
631 1495 702 1579 ipse
725 1493 766 1557 de
787 1502 951 1580 postrema
972 1493 1031 1556 illa
1052 1494 1228 1578 scriptione
1250 1493 1297 1556 ad
1309 1493 1398 1556 Zel-

243 1608 349 1660 terum
368 1614 463 1657 suum
483 1592 565 1656 haec
587 1592 758 1678 scribitz*)
777 1592 1016 1677 „Scriptionem
1039 1592 1093 1654 fae
1113 1591 1205 1676 legas
1220 1593 1397 1677 quinqua-

243 1696 337 1779 ginta
357 1693 489 1754 oiroiter
508 1693 718 1775 paginarum,
740 1690 835 1776 cujus
857 1688 972 1754 titulus
993 1698 1056 1753 est:
1079 1689 1132 1752 De
1161 1689 1292 1752 duobus
1318 1711 1398 1753 ear-

243 1791 388 1855 minibus
409 1790 543 1853 Goethii
562 1791 813 1877 epioe-lyricis,
835 1792 1031 1878 comparatis
1056 1811 1129 1853 cum
1151 1789 1290 1853 Graecis
1316 1789 1396 1852 fon-

243 1891 349 1971 tibus,
369 1889 457 1954 unde
479 1898 557 1953 sunt
575 1890 710 1972 hausta,
733 1893 866 1977 scripsit
881 1891 1015 1973 Struve,
1028 1890 1185 1972 director,
1204 1889 1395 1972 Regimon-

243 1990 282 2054 tii
306 1989 397 2051 1826.
430 1987 555 2051 Auctor
572 1988 671 2073 hujus
695 1989 787 2071 libri,
809 1989 853 2052 ad
874 1989 998 2054 fontem
1016 2011 1076 2053 vos
1099 1988 1275 2069 deducens,
1296 1989 1396 2051 unde

243 2088 355 2169 hausi,
391 2088 527 2150 comiter
557 2096 733 2169 monstrat,
767 2108 901 2152 suavem
932 2110 984 2150 me
1016 2087 1175 2172 liquorem
1204 2085 1395 2149 artificiosa

242 2195 328 2252 testa
349 2186 529 2271 excepisse.
572 2185 669 2265 Quod
682 2194 780 2272 poeta
802 2193 878 2249 ante
905 2193 954 2250 tot
980 2206 1083 2248 annos
1105 2184 1226 2264 voluit,
1247 2184 1395 2248 tandem

240 2284 418 2372 aliquando
447 2286 645 2368 agnoscitur.
689 2284 802 2348 Sermo
835 2294 886 2348 est
919 2285 960 2349 de
993 2285 1099 2347 tirone
1130 2284 1250 2367 magici
1279 2292 1318 2345 et
1346 2284 1396 2347 de

244 2404 364 2471 sponsa
398 2381 641 2445 Corinthiaca“.
697 2379 848 2444 Zelterus
887 2382 985 2467 paulo
1021 2391 1096 2468 post
1127 2380 1393 2468 respondet:**)

241 2482 405 2566 „Scriptio
425 2478 596 2543 directoris
619 2479 744 2544 Stravii
766 2501 817 2542 me
835 2479 930 2544 docet
953 2490 984 2544 et
1007 2481 1180 2546 delectat“.
1225 2481 1395 2566 Sequitur

241 2580 371 2663 longior
392 2578 588 2661 disputatio,
614 2597 680 2661 qus.
705 2578 822 2640 laetari
844 2600 879 2641 se
905 2578 1002 2660 dicit,
1026 2580 1113 2666 quod
1135 2581 1254 2645 Struve
1276 2581 1314 2643 in
1337 2580 1393 2643 di-

237 2674 429 2763 judicandis
448 2674 499 2737 his
522 2674 723 2738 carminibus
746 2697 857 2740 secum
885 2681 1017 2743 omnino
1039 2688 1200 2764 congruat
1227 2686 1260 2742 et
1287 2700 1392 2741 suam

242 2776 283 2839 de
304 2773 413 2837 indole
436 2772 628 2859 Iphigeniae
650 2773 783 2838 fabulae
807 2775 970 2841 diversam
1003 2802 1024 2842 a
1045 2779 1178 2843 Struvio
1196 2778 1393 2864 opinionem

241 2873 413 2959 expromit.
457 2871 571 2955 Pergit
593 2872 807 2959 deinde:***)
830 2875 989 2956 „Amicus
1011 2879 1095 2942 bene
1117 2878 1157 2942 de
1177 2883 1211 2940 te
1227 2878 1331 2940 sentit
1355 2885 1393 2939 et

240 2972 322 3036 adeo
340 2972 510 3057 opiniones
525 2970 693 3034 hominum
709 2970 750 3035 de
765 2994 821 3055 eo,
831 2973 930 3059 ‘quod
950 2974 999 3059 (in
1015 2997 1136 3060 sponsa
1154 2972 1391 3059 Corinthiaca)

241 3184 468 3194 ...--.---——-

346 3313 372 3381 *)
391 3312 585 3365 Briefweehsel
604 3316 656 3366 Th.
676 3316 725 3367 IV.
745 3317 773 3367 S.
795 3318 863 3369 132:
874 3319 932 3384 fg:
952 3322 1024 3384 „Ein
1048 3322 1117 3373 Heft
1139 3324 1222 3374 suche
1247 3341 1280 3375 au
1305 3326 1388 3378 lesen
1418 3308 1422 3317 Ι

242 3404 313 3450 etwa
332 3398 366 3449 50
385 3399 479 3449 Seiten
496 3399 587 3461 stark3
607 3416 636 3450 es
655 3401 691 3450 ist
710 3402 935 3455 iiberschrieben:
954 3407 1027 3456 Zwei
1046 3406 1179 3457 Balladen
1202 3424 1256 3458 von
1280 3411 1388 3474 Gotho,

239 3482 395 3548 verglichen
418 3483 468 3531 mit
493 3482 545 3531 den
571 3482 765 3533 Griechischen
788 3485 918 3549 Quellen‚
947 3504 1055 3539 woraus
1080 3491 1120 3540 sie
1142 3492 1285 3557 geschopit
1311 3495 1388 3561 sind,

238 3578 301 3617 vom
318 3567 444 3617 Dircotor
464 3566 572 3617 Struve.
592 3567 766 3632 Kbuigsberg
784 3568 861 3620 isso.
898 3569 993 3619 Indem
1020 3571 1068 3621 der
1087 3573 1231 3623 Verfasser
1249 3576 1330 3625 Eueh
1349 3593 1390 3627 an

240 3650 293 3700 den
310 3651 384 3700 Born
402 3648 505 3712 suhret,
524 3665 631 3699 woraus
647 3649 692 3699 ich
710 3650 762 3701 den
780 3653 875 3702 Trunk
889 3653 993 3717 geholt,
1013 3656 1049 3704 ist
1065 3672 1093 3705 er
1111 3656 1262 3706 freundlich
1279 3674 1388 3726 genug,

237 3750 272 3787 au
285 3733 436 3795 boveiam,
454 3732 518 3781 dass
537 3733 580 3782 ich
599 3732 648 3783 das
668 3735 852 3799 erquickliche
869 3737 941 3787 Nass
960 3738 989 3786 in
1009 3739 1095 3788 einem
1113 3740 1310 3791 kunstreiohen
1332 3744 1388 3794 Ge-

237 3819 311 3867 sasse
329 3815 510 3880 dargebraeht
527 3815 607 3866 habe.
643 3818 710 3867 Was
730 3819 778 3868 der
795 3819 909 3870 Dichter
924 3837 974 3871 vor
991 3838 1022 3871 so
1046 3823 1136 3873 vielen
1154 3824 1259 3875 Jahren
1278 3826 1387 3889 wollte,

236 3900 303 3949 wird
321 3897 390 3949 doeh
407 3897 514 3946 endlieh
534 3898 695 3948 anerkannt.
733 3901 771 3950 Es
789 3901 826 3949 ist
843 3917 899 3951 von
925 3903 985 3952 dem
1005 3904 1229 3970 Zauberlehrling
1252 3908 1310 3957 und
1335 3910 1388 3959 der

234 3985 322 4034 Braut
337 3997 392 4030 von
409 3980 527 4030 Korinth
543 3981 588 4030 die
604 3978 709 4033 Rede.“

288 4175 306 4225 h
343 4091 387 4157 **)
407 4094 485 4155 „Das
503 4078 676 4145 Sohriftchen
694 4110 757 4145 vom
773 4095 901 4146 Director
918 4098 1018 4147 Struve
1036 4098 1143 4147 belehrt
1166 4098 1221 4148 und
1239 4102 1386 4167 vergniigt

235 4178 287 4226 mic
308 4176 336 4225 .“

339 4270 400 4336 ***)
418 4273 494 4335 „Der
510 4274 621 4324 Freund
638 4275 723 4325 meint
737 4291 766 4325 es
784 4281 834 4340 gut
859 4277 916 4326 und
939 4278 995 4327 will
1018 4279 1088 4328 noch
1113 4278 1220 4327 endlich
1246 4279 1291 4328 die
1311 4242 1395 4329 Μεί-ι

233 4367 344 4418 nungen
362 4353 429 4402 iiber
447 4356 526 4405 deine
543 4357 692 4407 Absiehten
710 4374 798 4424 gegen
822 4360 875 4408 den
897 4376 984 4411 neuen
1007 4362 1131 4413 Glauben
1156 4360 1195 4425 (in
1218 4362 1266 4411 der
1289 4364 1385 4413 Braut

206 4500 218 4517 .
233 4450 288 4483 von
305 4436 433 4505 Korinth)
452 4438 588 4499 reinigen3
608 4438 656 4488 das
676 4441 728 4489 soll
743 4442 798 4490 ihm
817 4459 884 4506 geru
901 4444 1082 4507 angereohnet
1099 4446 1187 4494 sein.“
