<?xml version="1.0" encoding="UTF-8"?>
<!DOCTYPE html PUBLIC "-//W3C//DTD XHTML 1.0 Transitional//EN"
    "http://www.w3.org/TR/xhtml1/DTD/xhtml1-transitional.dtd">
<html xmlns="http://www.w3.org/1999/xhtml" xml:lang="en" lang="en">
 <head>
  <title>
</title>
<meta http-equiv="Content-Type" content="text/html;charset=utf-8" />
  <meta name='ocr-system' content='tesseract 3.04.00' />
  <meta name='ocr-capabilities' content='ocr_page ocr_carea ocr_par ocr_line ocrx_word'/>
</head>
<body>
  <div class='ocr_page' id='page_1' title='image "./caroliludovicis01strugoog_0194.png"; bbox 0 0 2884 5184; ppageno 0'>
   <div class='ocr_carea' id='block_1_1' title="bbox 257 427 1047 490">
    <p class='ocr_par' dir='ltr' id='par_1_1' title="bbox 257 427 1047 490">
     <span class='ocr_line' id='line_1_1' title="bbox 257 427 1047 490; baseline 0.001 -1"><span class='ocrx_word' id='word_1_1' title='bbox 257 427 316 489; x_wconf 79' lang='lat'>128</span> <span class='ocrx_word' id='word_1_2' title='bbox 592 441 853 489; x_wconf 69' lang='lat' dir='ltr'>assensuri</span> <span class='ocrx_word' id='word_1_3' title='bbox 877 441 1047 490; x_wconf 71' lang='lat' dir='ltr'>saraca</span> 
     </span>
    </p>
   </div>
   <div class='ocr_carea' id='block_1_2' title="bbox 254 615 1402 4545">
    <p class='ocr_par' dir='ltr' id='par_1_2' title="bbox 419 615 1241 696">
     <span class='ocr_line' id='line_1_2' title="bbox 419 615 1241 696; baseline 0.002 -23"><span class='ocrx_word' id='word_1_4' title='bbox 419 635 574 691; x_wconf 80' lang='grc' dir='ltr'><strong><em>ονανοαμα</em></strong></span> <span class='ocrx_word' id='word_1_5' title='bbox 592 615 666 693; x_wconf 77' lang='grc' dir='ltr'>μηδε</span> <span class='ocrx_word' id='word_1_6' title='bbox 687 619 765 695; x_wconf 73' lang='lat' dir='ltr'>loyor</span> <span class='ocrx_word' id='word_1_7' title='bbox 786 637 980 695; x_wconf 79' lang='grc' dir='ltr'><strong><em>χρωροιμενος</em></strong></span> <span class='ocrx_word' id='word_1_8' title='bbox 1002 638 1034 677; x_wconf 83' lang='grc' dir='ltr'>εν</span> <span class='ocrx_word' id='word_1_9' title='bbox 1055 634 1126 696; x_wconf 72' lang='lat' dir='ltr'>nepa</span> <span class='ocrx_word' id='word_1_10' title='bbox 1152 637 1241 675; x_wconf 80' lang='grc' dir='ltr'><strong><em>ναιων</em></strong></span> 
     </span>
    </p>

    <p class='ocr_par' dir='ltr' id='par_1_3' title="bbox 254 701 1385 1615">
     <span class='ocr_line' id='line_1_3' title="bbox 420 701 1162 800; baseline 0 -25"><span class='ocrx_word' id='word_1_11' title='bbox 420 701 506 775; x_wconf 79' lang='lat' dir='ltr'>rouro</span> <span class='ocrx_word' id='word_1_12' title='bbox 527 721 567 788; x_wconf 82' lang='grc' dir='ltr'>θς</span> <span class='ocrx_word' id='word_1_13' title='bbox 585 738 692 796; x_wconf 69' lang='lat' dir='ltr'>priapo</span> <span class='ocrx_word' id='word_1_14' title='bbox 712 716 745 778; x_wconf 81' lang='lat' dir='ltr'>ds</span> <span class='ocrx_word' id='word_1_15' title='bbox 765 723 803 778; x_wconf 82' lang='grc' dir='ltr'>θι</span> <span class='ocrx_word' id='word_1_16' title='bbox 824 740 905 800; x_wconf 82' lang='grc' dir='ltr'><strong><em>μερις</em></strong></span> <span class='ocrx_word' id='word_1_17' title='bbox 925 722 1051 797; x_wconf 78' lang='grc' dir='ltr'><strong><em>ανγελου</em></strong></span> <span class='ocrx_word' id='word_1_18' title='bbox 1071 738 1162 796; x_wconf 84' lang='grc' dir='ltr'><strong><em>ημεις.</em></strong></span> 
     </span>
     <span class='ocr_line' id='line_1_4' title="bbox 255 818 1383 900; baseline -0.003 -20"><span class='ocrx_word' id='word_1_19' title='bbox 255 818 346 880; x_wconf 82' lang='lat' dir='ltr'>Unde</span> <span class='ocrx_word' id='word_1_20' title='bbox 373 819 453 877; x_wconf 91' lang='lat' dir='ltr'>hanc</span> <span class='ocrx_word' id='word_1_21' title='bbox 479 820 660 898; x_wconf 75' lang='lat' dir='ltr'><strong>scripturam</strong></span> <span class='ocrx_word' id='word_1_22' title='bbox 688 822 872 894; x_wconf 88' lang='lat' dir='ltr'>eruerimns,</span> <span class='ocrx_word' id='word_1_23' title='bbox 902 822 1011 900; x_wconf 85' lang='lat' dir='ltr'>paucis</span> <span class='ocrx_word' id='word_1_24' title='bbox 1037 820 1157 880; x_wconf 83' lang='lat' dir='ltr'>videtur</span> <span class='ocrx_word' id='word_1_25' title='bbox 1184 818 1383 879; x_wconf 84' lang='lat' dir='ltr'>indicandum</span> 
     </span>
     <span class='ocr_line' id='line_1_5' title="bbox 254 914 1383 1003; baseline -0.002 -23"><span class='ocrx_word' id='word_1_26' title='bbox 254 922 358 1001; x_wconf 82' lang='lat' dir='ltr'><strong>Atque</strong></span> <span class='ocrx_word' id='word_1_27' title='bbox 389 940 544 997; x_wconf 78' lang='grc' dir='ltr'><strong><em>αντοφνμς</em></strong></span> <span class='ocrx_word' id='word_1_28' title='bbox 574 942 630 1001; x_wconf 89' lang='lat' dir='ltr'>pro</span> <span class='ocrx_word' id='word_1_29' title='bbox 665 914 820 1000; x_wconf 73' lang='grc' dir='ltr'><strong><em>αὐτοφυής</em></strong></span> <span class='ocrx_word' id='word_1_30' title='bbox 851 924 1023 1003; x_wconf 83' lang='lat' dir='ltr'><strong>perspicuis</strong></span> <span class='ocrx_word' id='word_1_31' title='bbox 1057 923 1214 981; x_wconf 89' lang='lat' dir='ltr'>literarum</span> <span class='ocrx_word' id='word_1_32' title='bbox 1250 922 1383 980; x_wconf 78' lang='lat' dir='ltr'>ductibus</span> 
     </span>
     <span class='ocr_line' id='line_1_6' title="bbox 255 1023 1382 1103; baseline 0.001 -23"><span class='ocrx_word' id='word_1_33' title='bbox 255 1026 399 1100; x_wconf 84' lang='lat' dir='ltr'>seriptum</span> <span class='ocrx_word' id='word_1_34' title='bbox 426 1032 490 1095; x_wconf 90' lang='lat' dir='ltr'>est,</span> <span class='ocrx_word' id='word_1_35' title='bbox 521 1024 614 1103; x_wconf 89' lang='lat' dir='ltr'>inque</span> <span class='ocrx_word' id='word_1_36' title='bbox 640 1023 699 1099; x_wconf 76' lang='lat' dir='ltr'>hac</span> <span class='ocrx_word' id='word_1_37' title='bbox 717 1045 796 1084; x_wconf 86' lang='lat' dir='ltr'>voce</span> <span class='ocrx_word' id='word_1_38' title='bbox 817 1044 841 1083; x_wconf 78' lang='lat' dir='ltr'>n</span> <span class='ocrx_word' id='word_1_39' title='bbox 865 1035 896 1085; x_wconf 90' lang='lat' dir='ltr'>et</span> <span class='ocrx_word' id='word_1_40' title='bbox 913 1045 935 1084; x_wconf 82' lang='lat' dir='ltr'>n</span> <span class='ocrx_word' id='word_1_41' title='bbox 956 1034 991 1084; x_wconf 87' lang='lat' dir='ltr'>ut</span> <span class='ocrx_word' id='word_1_42' title='bbox 1013 1025 1137 1102; x_wconf 89' lang='lat' dir='ltr'>saepius</span> <span class='ocrx_word' id='word_1_43' title='bbox 1162 1024 1289 1084; x_wconf 83' lang='lat' dir='ltr'>confusa</span> <span class='ocrx_word' id='word_1_44' title='bbox 1312 1034 1382 1082; x_wconf 86' lang='lat' dir='ltr'>sunt.</span> 
     </span>
     <span class='ocr_line' id='line_1_7' title="bbox 255 1124 1383 1205; baseline -0.002 -22"><span class='ocrx_word' id='word_1_45' title='bbox 255 1126 292 1183; x_wconf 89' lang='lat' dir='ltr'>In</span> <span class='ocrx_word' id='word_1_46' title='bbox 320 1126 461 1205; x_wconf 83' lang='lat' dir='ltr'>sequenti</span> <span class='ocrx_word' id='word_1_47' title='bbox 484 1125 634 1184; x_wconf 87' lang='lat' dir='ltr'>vocabulo</span> <span class='ocrx_word' id='word_1_48' title='bbox 657 1124 845 1196; x_wconf 74' lang='grc' dir='ltr'><strong><em>αδνδακατος</em></strong></span> <span class='ocrx_word' id='word_1_49' title='bbox 865 1135 938 1185; x_wconf 91' lang='lat' dir='ltr'>nota</span> <span class='ocrx_word' id='word_1_50' title='bbox 961 1126 1142 1185; x_wconf 86' lang='lat' dir='ltr'>confusione</span> <span class='ocrx_word' id='word_1_51' title='bbox 1164 1147 1258 1205; x_wconf 79' lang='lat' dir='ltr'>apro</span> <span class='ocrx_word' id='word_1_52' title='bbox 1280 1127 1383 1205; x_wconf 69' lang='lat' dir='ltr'>eposi-</span> 
     </span>
     <span class='ocr_line' id='line_1_8' title="bbox 254 1226 1384 1306; baseline -0.003 -20"><span class='ocrx_word' id='word_1_53' title='bbox 254 1237 317 1286; x_wconf 92' lang='lat' dir='ltr'>tum</span> <span class='ocrx_word' id='word_1_54' title='bbox 340 1236 400 1301; x_wconf 83' lang='lat' dir='ltr'>est;</span> <span class='ocrx_word' id='word_1_55' title='bbox 422 1226 545 1285; x_wconf 84' lang='lat' dir='ltr'>tertium</span> <span class='ocrx_word' id='word_1_56' title='bbox 568 1246 643 1284; x_wconf 87' lang='lat' dir='ltr'>vero</span> <span class='ocrx_word' id='word_1_57' title='bbox 666 1250 686 1286; x_wconf 87' lang='grc' dir='ltr'><strong>α</strong></span> <span class='ocrx_word' id='word_1_58' title='bbox 699 1226 866 1303; x_wconf 71' lang='lat' dir='ltr'>redundat,</span> <span class='ocrx_word' id='word_1_59' title='bbox 890 1228 968 1287; x_wconf 90' lang='lat' dir='ltr'>haec</span> <span class='ocrx_word' id='word_1_60' title='bbox 985 1228 1066 1286; x_wconf 88' lang='lat' dir='ltr'>euim</span> <span class='ocrx_word' id='word_1_61' title='bbox 1081 1227 1187 1299; x_wconf 89' lang='lat' dir='ltr'>litera,</span> <span class='ocrx_word' id='word_1_62' title='bbox 1211 1229 1275 1286; x_wconf 89' lang='lat' dir='ltr'>sive</span> <span class='ocrx_word' id='word_1_63' title='bbox 1292 1227 1384 1306; x_wconf 88' lang='lat' dir='ltr'>potius</span> 
     </span>
     <span class='ocr_line' id='line_1_9' title="bbox 255 1328 1385 1408; baseline -0.004 -19"><span class='ocrx_word' id='word_1_64' title='bbox 255 1331 368 1389; x_wconf 88' lang='lat' dir='ltr'>Latina</span> <span class='ocrx_word' id='word_1_65' title='bbox 388 1330 422 1402; x_wconf 72' lang='lat' dir='ltr'>a,</span> <span class='ocrx_word' id='word_1_66' title='bbox 453 1328 599 1387; x_wconf 80' lang='lat' dir='ltr'>facillime</span> <span class='ocrx_word' id='word_1_67' title='bbox 626 1329 740 1408; x_wconf 87' lang='lat' dir='ltr'>ubique</span> <span class='ocrx_word' id='word_1_68' title='bbox 766 1349 799 1387; x_wconf 89' lang='lat' dir='ltr'>se</span> <span class='ocrx_word' id='word_1_69' title='bbox 821 1329 977 1388; x_wconf 84' lang='lat' dir='ltr'>intrudere</span> <span class='ocrx_word' id='word_1_70' title='bbox 998 1329 1114 1408; x_wconf 92' lang='lat' dir='ltr'>potuit,</span> <span class='ocrx_word' id='word_1_71' title='bbox 1143 1330 1288 1408; x_wconf 91' lang='lat' dir='ltr'>quoniam</span> <span class='ocrx_word' id='word_1_72' title='bbox 1309 1329 1385 1387; x_wconf 87' lang='lat' dir='ltr'>nulla</span> 
     </span>
     <span class='ocr_line' id='line_1_10' title="bbox 257 1430 1384 1512; baseline -0.003 -22"><span class='ocrx_word' id='word_1_73' title='bbox 257 1434 379 1510; x_wconf 88' lang='lat' dir='ltr'>saepius</span> <span class='ocrx_word' id='word_1_74' title='bbox 406 1430 532 1490; x_wconf 91' lang='lat' dir='ltr'>librario</span> <span class='ocrx_word' id='word_1_75' title='bbox 557 1431 590 1489; x_wconf 92' lang='lat' dir='ltr'>in</span> <span class='ocrx_word' id='word_1_76' title='bbox 617 1432 768 1491; x_wconf 91' lang='lat' dir='ltr'>calamum</span> <span class='ocrx_word' id='word_1_77' title='bbox 793 1434 893 1504; x_wconf 88' lang='lat' dir='ltr'>venit,</span> <span class='ocrx_word' id='word_1_78' title='bbox 909 1432 1032 1512; x_wconf 82' lang='lat' dir='ltr'>quippe</span> <span class='ocrx_word' id='word_1_79' title='bbox 1061 1450 1142 1511; x_wconf 88' lang='lat' dir='ltr'>quae</span> <span class='ocrx_word' id='word_1_80' title='bbox 1169 1441 1232 1490; x_wconf 88' lang='lat' dir='ltr'>tres</span> <span class='ocrx_word' id='word_1_81' title='bbox 1256 1430 1384 1491; x_wconf 82' lang='lat' dir='ltr'>Graecas</span> 
     </span>
     <span class='ocr_line' id='line_1_11' title="bbox 255 1532 1196 1615; baseline -0.001 -23"><span class='ocrx_word' id='word_1_82' title='bbox 255 1535 363 1594; x_wconf 90' lang='lat' dir='ltr'>literas</span> <span class='ocrx_word' id='word_1_83' title='bbox 384 1557 419 1606; x_wconf 87' lang='grc' dir='ltr'>α,</span> <span class='ocrx_word' id='word_1_84' title='bbox 442 1532 475 1606; x_wconf 82' lang='lat' dir='ltr'>d,</span> <span class='ocrx_word' id='word_1_85' title='bbox 497 1542 528 1592; x_wconf 90' lang='lat' dir='ltr'>et</span> <span class='ocrx_word' id='word_1_86' title='bbox 550 1536 566 1591; x_wconf 83' lang='grc' dir='ltr'><strong><em>λ</em></strong></span> <span class='ocrx_word' id='word_1_87' title='bbox 589 1536 785 1615; x_wconf 81' lang='lat' dir='ltr'>exprimeret.</span> <span class='ocrx_word' id='word_1_88' title='bbox 829 1533 918 1611; x_wconf 76' lang='lat' dir='ltr'>Quae</span> <span class='ocrx_word' id='word_1_89' title='bbox 936 1535 1002 1612; x_wconf 89' lang='lat' dir='ltr'>jam</span> <span class='ocrx_word' id='word_1_90' title='bbox 1025 1540 1196 1613; x_wconf 88' lang='lat' dir='ltr'>sequuntur</span> 
     </span>
    </p>

    <p class='ocr_par' dir='ltr' id='par_1_4' title="bbox 256 1633 1385 3035">
     <span class='ocr_line' id='line_1_12' title="bbox 341 1633 1345 1716; baseline -0.003 -23"><span class='ocrx_word' id='word_1_91' title='bbox 341 1637 408 1694; x_wconf 91' lang='lat' dir='ltr'>sine</span> <span class='ocrx_word' id='word_1_92' title='bbox 428 1644 535 1694; x_wconf 89' lang='lat' dir='ltr'>matre.</span> <span class='ocrx_word' id='word_1_93' title='bbox 556 1656 716 1716; x_wconf 82' lang='lat' dir='ltr'>anunpac.</span> <span class='ocrx_word' id='word_1_94' title='bbox 739 1646 827 1716; x_wconf 91' lang='lat' dir='ltr'>patre</span> <span class='ocrx_word' id='word_1_95' title='bbox 850 1637 1006 1694; x_wconf 89' lang='lat' dir='ltr'>immitato.</span> <span class='ocrx_word' id='word_1_96' title='bbox 1029 1633 1253 1712; x_wconf 75' lang='lat' dir='ltr'>ypeeaiktocb.</span> <span class='ocrx_word' id='word_1_97' title='bbox 1275 1633 1345 1691; x_wconf 89' lang='lat' dir='ltr'>illis.</span> 
     </span>
     <span class='ocr_line' id='line_1_13' title="bbox 256 1735 1385 1799; baseline -0.005 -5"><span class='ocrx_word' id='word_1_98' title='bbox 256 1738 389 1795; x_wconf 83' lang='lat' dir='ltr'>maxime</span> <span class='ocrx_word' id='word_1_99' title='bbox 406 1737 534 1796; x_wconf 88' lang='lat' dir='ltr'>confusa</span> <span class='ocrx_word' id='word_1_100' title='bbox 552 1747 631 1797; x_wconf 90' lang='lat' dir='ltr'>sunt.</span> <span class='ocrx_word' id='word_1_101' title='bbox 670 1739 760 1799; x_wconf 90' lang='lat' dir='ltr'>Haec</span> <span class='ocrx_word' id='word_1_102' title='bbox 776 1739 820 1797; x_wconf 92' lang='lat' dir='ltr'>sic</span> <span class='ocrx_word' id='word_1_103' title='bbox 835 1735 1074 1797; x_wconf 83' lang='lat' dir='ltr'>discriminanda</span> <span class='ocrx_word' id='word_1_104' title='bbox 1090 1736 1213 1794; x_wconf 86' lang='lat' dir='ltr'>censui:</span> <span class='ocrx_word' id='word_1_105' title='bbox 1234 1741 1296 1793; x_wconf 76' lang='lat' dir='ltr'>aine</span> <span class='ocrx_word' id='word_1_106' title='bbox 1310 1743 1385 1791; x_wconf 76' lang='lat' dir='ltr'>marre</span> 
     </span>
     <span class='ocr_line' id='line_1_14' title="bbox 256 1837 1383 1917; baseline -0.004 -20"><span class='ocrx_word' id='word_1_107' title='bbox 256 1858 361 1917; x_wconf 81' lang='grc' dir='ltr'><strong><em>νμηωρ</em></strong></span> <span class='ocrx_word' id='word_1_108' title='bbox 387 1844 481 1906; x_wconf 58' lang='grc' dir='ltr'><strong><em>ασ-ι(</em></strong></span> <span class='ocrx_word' id='word_1_109' title='bbox 486 1843 590 1911; x_wconf 78' lang='lat' dir='ltr'>patre)</span> <span class='ocrx_word' id='word_1_110' title='bbox 620 1844 722 1897; x_wconf 77' lang='lat' dir='ltr'>immite</span> <span class='ocrx_word' id='word_1_111' title='bbox 747 1867 789 1879; x_wconf 89' lang='lat'><em>-</em></span> <span class='ocrx_word' id='word_1_112' title='bbox 811 1840 1015 1913; x_wconf 71' lang='grc' dir='ltr'><strong><em>τονφεελικτος</em></strong></span> <span class='ocrx_word' id='word_1_113' title='bbox 1043 1870 1086 1880; x_wconf 94' lang='grc'><strong>-</strong></span> <span class='ocrx_word' id='word_1_114' title='bbox 1113 1840 1197 1907; x_wconf 66' lang='lat' dir='ltr'>aas,</span> <span class='ocrx_word' id='word_1_115' title='bbox 1221 1870 1265 1879; x_wconf 92' lang='lat'>—</span> <span class='ocrx_word' id='word_1_116' title='bbox 1293 1837 1335 1895; x_wconf 88' lang='lat' dir='ltr'>ita</span> <span class='ocrx_word' id='word_1_117' title='bbox 1360 1846 1383 1892; x_wconf 82' lang='lat' dir='ltr'>ut</span> 
     </span>
     <span class='ocr_line' id='line_1_15' title="bbox 258 1932 1385 2018; baseline -0.003 -21"><span class='ocrx_word' id='word_1_118' title='bbox 258 1938 338 1998; x_wconf 88' lang='lat' dir='ltr'>duae</span> <span class='ocrx_word' id='word_1_119' title='bbox 366 1948 539 2018; x_wconf 84' lang='lat' dir='ltr'>postremae</span> <span class='ocrx_word' id='word_1_120' title='bbox 567 1939 676 1999; x_wconf 87' lang='lat' dir='ltr'>literae</span> <span class='ocrx_word' id='word_1_121' title='bbox 703 1940 735 1998; x_wconf 92' lang='lat' dir='ltr'>in</span> <span class='ocrx_word' id='word_1_122' title='bbox 760 1957 912 2018; x_wconf 82' lang='lat' dir='ltr'>annnpac</span> <span class='ocrx_word' id='word_1_123' title='bbox 937 1940 1055 1998; x_wconf 91' lang='lat' dir='ltr'>initium</span> <span class='ocrx_word' id='word_1_124' title='bbox 1077 1939 1164 1999; x_wconf 86' lang='lat' dir='ltr'>verbi</span> <span class='ocrx_word' id='word_1_125' title='bbox 1186 1932 1385 2012; x_wconf 78' lang='grc' dir='ltr'><strong><em>ἇστνφὲλικτνς</em></strong></span> 
     </span>
     <span class='ocr_line' id='line_1_16' title="bbox 258 2040 1383 2119; baseline -0.004 -20"><span class='ocrx_word' id='word_1_126' title='bbox 258 2041 451 2112; x_wconf 85' lang='lat' dir='ltr'>contineant,</span> <span class='ocrx_word' id='word_1_127' title='bbox 488 2042 519 2100; x_wconf 89' lang='lat' dir='ltr'>in</span> <span class='ocrx_word' id='word_1_128' title='bbox 546 2042 657 2100; x_wconf 88' lang='lat' dir='ltr'>Latino</span> <span class='ocrx_word' id='word_1_129' title='bbox 683 2046 812 2100; x_wconf 77' lang='lat' dir='ltr'>immitato</span> <span class='ocrx_word' id='word_1_130' title='bbox 845 2062 918 2100; x_wconf 91' lang='lat' dir='ltr'>vero</span> <span class='ocrx_word' id='word_1_131' title='bbox 953 2042 1071 2100; x_wconf 87' lang='lat' dir='ltr'>lateant</span> <span class='ocrx_word' id='word_1_132' title='bbox 1101 2050 1132 2100; x_wconf 92' lang='lat' dir='ltr'>et</span> <span class='ocrx_word' id='word_1_133' title='bbox 1164 2060 1237 2119; x_wconf 90' lang='lat' dir='ltr'>pars</span> <span class='ocrx_word' id='word_1_134' title='bbox 1268 2040 1383 2098; x_wconf 81' lang='lat' dir='ltr'>Latinae</span> 
     </span>
     <span class='ocr_line' id='line_1_17' title="bbox 256 2141 1383 2224; baseline -0.004 -24"><span class='ocrx_word' id='word_1_135' title='bbox 256 2143 342 2201; x_wconf 85' lang='lat' dir='ltr'>vocis</span> <span class='ocrx_word' id='word_1_136' title='bbox 364 2148 465 2201; x_wconf 78' lang='lat' dir='ltr'>immite</span> <span class='ocrx_word' id='word_1_137' title='bbox 488 2153 518 2202; x_wconf 91' lang='lat' dir='ltr'>et</span> <span class='ocrx_word' id='word_1_138' title='bbox 537 2142 616 2203; x_wconf 90' lang='lat' dir='ltr'>duae</span> <span class='ocrx_word' id='word_1_139' title='bbox 640 2142 782 2203; x_wconf 84' lang='lat' dir='ltr'>Graecae</span> <span class='ocrx_word' id='word_1_140' title='bbox 802 2142 912 2202; x_wconf 86' lang='lat' dir='ltr'>literae</span> <span class='ocrx_word' id='word_1_141' title='bbox 934 2163 981 2219; x_wconf 85' lang='lat' dir='ltr'>ro,</span> <span class='ocrx_word' id='word_1_142' title='bbox 1011 2164 1090 2224; x_wconf 90' lang='lat' dir='ltr'>quae</span> <span class='ocrx_word' id='word_1_143' title='bbox 1114 2141 1194 2200; x_wconf 89' lang='lat' dir='ltr'>duae</span> <span class='ocrx_word' id='word_1_144' title='bbox 1217 2141 1330 2200; x_wconf 88' lang='lat' dir='ltr'>literae</span> <span class='ocrx_word' id='word_1_145' title='bbox 1349 2160 1383 2196; x_wconf 82' lang='lat' dir='ltr'>se·</span> 
     </span>
     <span class='ocr_line' id='line_1_18' title="bbox 259 2232 1382 2325; baseline -0.005 -23"><span class='ocrx_word' id='word_1_146' title='bbox 259 2244 423 2325; x_wconf 90' lang='lat' dir='ltr'>quentibus</span> <span class='ocrx_word' id='word_1_147' title='bbox 454 2243 657 2305; x_wconf 83' lang='lat' dir='ltr'>adhaerentes</span> <span class='ocrx_word' id='word_1_148' title='bbox 690 2246 946 2320; x_wconf 78' lang='grc' dir='ltr'><strong><em>νστουφεελικτος,</em></strong></span> <span class='ocrx_word' id='word_1_149' title='bbox 985 2266 1041 2323; x_wconf 90' lang='lat' dir='ltr'>pro</span> <span class='ocrx_word' id='word_1_150' title='bbox 1070 2232 1286 2319; x_wconf 77' lang='grc' dir='ltr'><strong><em>ἆστνφέλικτος</em></strong></span> <span class='ocrx_word' id='word_1_151' title='bbox 1309 2261 1382 2321; x_wconf 84' lang='lat' dir='ltr'>prae·</span> 
     </span>
     <span class='ocr_line' id='line_1_19' title="bbox 258 2341 1385 2423; baseline -0.006 -18"><span class='ocrx_word' id='word_1_152' title='bbox 258 2346 341 2406; x_wconf 90' lang='lat' dir='ltr'>bent.</span> <span class='ocrx_word' id='word_1_153' title='bbox 387 2345 450 2404; x_wconf 85' lang='lat' dir='ltr'>Sed</span> <span class='ocrx_word' id='word_1_154' title='bbox 476 2347 515 2405; x_wconf 91' lang='lat' dir='ltr'>ab</span> <span class='ocrx_word' id='word_1_155' title='bbox 544 2348 602 2406; x_wconf 91' lang='lat' dir='ltr'>hac</span> <span class='ocrx_word' id='word_1_156' title='bbox 630 2346 752 2407; x_wconf 85' lang='lat' dir='ltr'>Graeca</span> <span class='ocrx_word' id='word_1_157' title='bbox 779 2356 856 2404; x_wconf 82' lang='lat' dir='ltr'>voce</span> <span class='ocrx_word' id='word_1_158' title='bbox 885 2345 1095 2423; x_wconf 72' lang='lat' dir='ltr'>ypeeaiktocb</span> <span class='ocrx_word' id='word_1_159' title='bbox 1123 2346 1231 2404; x_wconf 91' lang='lat' dir='ltr'>ultima</span> <span class='ocrx_word' id='word_1_160' title='bbox 1260 2341 1385 2402; x_wconf 88' lang='lat' dir='ltr'>literab</span> 
     </span>
     <span class='ocr_line' id='line_1_20' title="bbox 258 2445 1384 2527; baseline -0.007 -21"><span class='ocrx_word' id='word_1_161' title='bbox 258 2447 430 2507; x_wconf 88' lang='lat' dir='ltr'>resecanda</span> <span class='ocrx_word' id='word_1_162' title='bbox 457 2448 531 2521; x_wconf 89' lang='lat' dir='ltr'>fuit,</span> <span class='ocrx_word' id='word_1_163' title='bbox 561 2457 591 2507; x_wconf 90' lang='lat' dir='ltr'>et</span> <span class='ocrx_word' id='word_1_164' title='bbox 614 2445 821 2508; x_wconf 89' lang='lat' dir='ltr'>continuanda</span> <span class='ocrx_word' id='word_1_165' title='bbox 846 2466 914 2505; x_wconf 90' lang='lat' dir='ltr'>cum</span> <span class='ocrx_word' id='word_1_166' title='bbox 936 2448 1078 2527; x_wconf 83' lang='lat' dir='ltr'>sequenti</span> <span class='ocrx_word' id='word_1_167' title='bbox 1099 2447 1212 2505; x_wconf 87' lang='lat' dir='ltr'>Latina</span> <span class='ocrx_word' id='word_1_168' title='bbox 1235 2466 1316 2504; x_wconf 81' lang='lat' dir='ltr'>vose</span> <span class='ocrx_word' id='word_1_169' title='bbox 1337 2448 1384 2500; x_wconf 77' lang='lat' dir='ltr'>iltis.</span> 
     </span>
     <span class='ocr_line' id='line_1_21' title="bbox 259 2548 1384 2626; baseline -0.006 -19"><span class='ocrx_word' id='word_1_170' title='bbox 259 2548 332 2607; x_wconf 87' lang='lat' dir='ltr'>Jam</span> <span class='ocrx_word' id='word_1_171' title='bbox 356 2548 568 2626; x_wconf 88' lang='lat' dir='ltr'>interpretatio</span> <span class='ocrx_word' id='word_1_172' title='bbox 591 2550 704 2608; x_wconf 89' lang='lat' dir='ltr'>Latina</span> <span class='ocrx_word' id='word_1_173' title='bbox 734 2550 778 2607; x_wconf 88' lang='lat' dir='ltr'>sic</span> <span class='ocrx_word' id='word_1_174' title='bbox 799 2548 963 2620; x_wconf 88' lang='lat' dir='ltr'>sehabet,</span> <span class='ocrx_word' id='word_1_175' title='bbox 993 2554 1052 2606; x_wconf 84' lang='lat' dir='ltr'>sine</span> <span class='ocrx_word' id='word_1_176' title='bbox 1073 2557 1162 2605; x_wconf 82' lang='lat' dir='ltr'>matre</span> <span class='ocrx_word' id='word_1_177' title='bbox 1177 2555 1266 2621; x_wconf 80' lang='lat' dir='ltr'>putre</span> <span class='ocrx_word' id='word_1_178' title='bbox 1286 2549 1384 2603; x_wconf 77' lang='lat' dir='ltr'>immita-</span> 
     </span>
     <span class='ocr_line' id='line_1_22' title="bbox 260 2645 1383 2727; baseline -0.004 -22"><span class='ocrx_word' id='word_1_179' title='bbox 260 2650 343 2719; x_wconf 77' lang='lat' dir='ltr'>billis,</span> <span class='ocrx_word' id='word_1_180' title='bbox 374 2647 426 2706; x_wconf 92' lang='lat' dir='ltr'>ubi</span> <span class='ocrx_word' id='word_1_181' title='bbox 440 2658 527 2723; x_wconf 81' lang='lat' dir='ltr'>patre</span> <span class='ocrx_word' id='word_1_182' title='bbox 548 2651 613 2724; x_wconf 80' lang='lat' dir='ltr'>sinc</span> <span class='ocrx_word' id='word_1_183' title='bbox 637 2651 729 2710; x_wconf 89' lang='lat' dir='ltr'>dubio</span> <span class='ocrx_word' id='word_1_184' title='bbox 751 2651 828 2709; x_wconf 91' lang='lat' dir='ltr'>nihil</span> <span class='ocrx_word' id='word_1_185' title='bbox 850 2649 934 2709; x_wconf 92' lang='lat' dir='ltr'>aliud</span> <span class='ocrx_word' id='word_1_186' title='bbox 957 2660 1018 2720; x_wconf 86' lang='lat' dir='ltr'>est,</span> <span class='ocrx_word' id='word_1_187' title='bbox 1047 2650 1107 2708; x_wconf 91' lang='lat' dir='ltr'>nisi</span> <span class='ocrx_word' id='word_1_188' title='bbox 1130 2649 1307 2727; x_wconf 89' lang='lat' dir='ltr'>depravata</span> <span class='ocrx_word' id='word_1_189' title='bbox 1328 2645 1383 2704; x_wconf 89' lang='lat' dir='ltr'>scri·</span> 
     </span>
     <span class='ocr_line' id='line_1_23' title="bbox 259 2746 1383 2829; baseline -0.005 -20"><span class='ocrx_word' id='word_1_190' title='bbox 259 2758 349 2829; x_wconf 87' lang='lat' dir='ltr'>ptura</span> <span class='ocrx_word' id='word_1_191' title='bbox 370 2750 455 2809; x_wconf 89' lang='lat' dir='ltr'>vocis</span> <span class='ocrx_word' id='word_1_192' title='bbox 477 2763 580 2812; x_wconf 82' lang='lat' dir='ltr'>matre.-</span> <span class='ocrx_word' id='word_1_193' title='bbox 600 2755 773 2811; x_wconf 68' lang='lat' dir='ltr'>immitabilis</span> <span class='ocrx_word' id='word_1_194' title='bbox 794 2761 895 2811; x_wconf 89' lang='lat' dir='ltr'>autem</span> <span class='ocrx_word' id='word_1_195' title='bbox 918 2772 957 2810; x_wconf 82' lang='lat' dir='ltr'>ex</span> <span class='ocrx_word' id='word_1_196' title='bbox 978 2753 1151 2814; x_wconf 66' lang='lat' dir='ltr'>intrectabilis</span> <span class='ocrx_word' id='word_1_197' title='bbox 1174 2750 1294 2808; x_wconf 80' lang='lat' dir='ltr'>tactum</span> <span class='ocrx_word' id='word_1_198' title='bbox 1316 2746 1383 2806; x_wconf 85' lang='lat' dir='ltr'>vide·</span> 
     </span>
     <span class='ocr_line' id='line_1_24' title="bbox 259 2843 1143 2934; baseline -0.003 -23"><span class='ocrx_word' id='word_1_199' title='bbox 259 2862 319 2912; x_wconf 89' lang='lat' dir='ltr'>tur.</span> <span class='ocrx_word' id='word_1_200' title='bbox 342 2888 383 2896; x_wconf 92' lang='lat'>-</span> <span class='ocrx_word' id='word_1_201' title='bbox 406 2851 565 2934; x_wconf 85' lang='lat' dir='ltr'>Sequitur:</span> <span class='ocrx_word' id='word_1_202' title='bbox 807 2849 810 2855; x_wconf 76' lang='grc'><strong>’</strong></span> <span class='ocrx_word' id='word_1_203' title='bbox 1137 2843 1143 2859; x_wconf 78' lang='lat'>&#39;</span> 
     </span>
     <span class='ocr_line' id='line_1_25' title="bbox 347 2949 1381 3035; baseline -0.012 -20"><span class='ocrx_word' id='word_1_204' title='bbox 347 2956 443 3034; x_wconf 88' lang='lat' dir='ltr'>cujus.</span> <span class='ocrx_word' id='word_1_205' title='bbox 456 2974 634 3035; x_wconf 78' lang='lat' dir='ltr'>cyaneana.</span> <span class='ocrx_word' id='word_1_206' title='bbox 646 2974 758 3014; x_wconf 88' lang='lat' dir='ltr'>nornen</span> <span class='ocrx_word' id='word_1_207' title='bbox 770 2954 865 3013; x_wconf 86' lang='lat' dir='ltr'>illum.</span> <span class='ocrx_word' id='word_1_208' title='bbox 883 2973 1062 3030; x_wconf 80' lang='lat' dir='ltr'>nsaeaoyro.</span> <span class='ocrx_word' id='word_1_209' title='bbox 1073 2952 1211 3010; x_wconf 87' lang='lat' dir='ltr'>uerbum.</span> <span class='ocrx_word' id='word_1_210' title='bbox 1230 2949 1381 3030; x_wconf 65' lang='lat' dir='ltr'>xpmpoiue</span> 
     </span>
    </p>

    <p class='ocr_par' dir='ltr' id='par_1_5' title="bbox 256 3056 1382 4247">
     <span class='ocr_line' id='line_1_26' title="bbox 260 3056 1134 3136; baseline -0.002 -22"><span class='ocrx_word' id='word_1_211' title='bbox 260 3077 370 3136; x_wconf 87' lang='lat' dir='ltr'>sapere</span> <span class='ocrx_word' id='word_1_212' title='bbox 387 3065 489 3136; x_wconf 91' lang='lat' dir='ltr'>potest</span> <span class='ocrx_word' id='word_1_213' title='bbox 513 3057 651 3116; x_wconf 87' lang='lat' dir='ltr'>nocentis</span> <span class='ocrx_word' id='word_1_214' title='bbox 672 3056 774 3134; x_wconf 83' lang='lat' dir='ltr'>ignem</span> <span class='ocrx_word' id='word_1_215' title='bbox 798 3057 870 3115; x_wconf 89' lang='lat' dir='ltr'>emit</span> <span class='ocrx_word' id='word_1_216' title='bbox 891 3056 1035 3134; x_wconf 79' lang='lat' dir='ltr'>piuairou.</span> <span class='ocrx_word' id='word_1_217' title='bbox 1056 3064 1134 3113; x_wconf 82' lang='lat' dir='ltr'>tens</span> 
     </span>
     <span class='ocr_line' id='line_1_27' title="bbox 261 3156 1379 3234; baseline -0.008 -18"><span class='ocrx_word' id='word_1_218' title='bbox 261 3158 291 3216; x_wconf 95' lang='lat' dir='ltr'>h.</span> <span class='ocrx_word' id='word_1_219' title='bbox 315 3179 342 3216; x_wconf 90' lang='lat' dir='ltr'>e.</span> <span class='ocrx_word' id='word_1_220' title='bbox 369 3163 453 3231; x_wconf 78' lang='lat' dir='ltr'>cujas</span> <span class='ocrx_word' id='word_1_221' title='bbox 475 3177 630 3234; x_wconf 81' lang='grc' dir='ltr'><strong><em>ονανοαμα</em></strong></span> <span class='ocrx_word' id='word_1_222' title='bbox 648 3176 747 3216; x_wconf 84' lang='lat' dir='ltr'>nomen</span> <span class='ocrx_word' id='word_1_223' title='bbox 767 3162 842 3216; x_wconf 83' lang='lat' dir='ltr'>illum</span> <span class='ocrx_word' id='word_1_224' title='bbox 863 3156 937 3234; x_wconf 81' lang='grc' dir='ltr'><em>μηδε</em></span> <span class='ocrx_word' id='word_1_225' title='bbox 958 3158 1035 3233; x_wconf 77' lang='lat' dir='ltr'>loyor</span> <span class='ocrx_word' id='word_1_226' title='bbox 1053 3159 1164 3213; x_wconf 79' lang='lat' dir='ltr'>verbam</span> <span class='ocrx_word' id='word_1_227' title='bbox 1187 3171 1333 3231; x_wconf 77' lang='grc' dir='ltr'>χρωροιμε</span> <span class='ocrx_word' id='word_1_228' title='bbox 1348 3168 1379 3206; x_wconf 81' lang='lat' dir='ltr'>nr·</span> 
     </span>
     <span class='ocr_line' id='line_1_28' title="bbox 256 3252 1381 3337; baseline -0.004 -25"><span class='ocrx_word' id='word_1_229' title='bbox 256 3274 328 3330; x_wconf 83' lang='lat' dir='ltr'>pere</span> <span class='ocrx_word' id='word_1_230' title='bbox 345 3265 437 3330; x_wconf 80' lang='lat' dir='ltr'>potest</span> <span class='ocrx_word' id='word_1_231' title='bbox 457 3276 507 3326; x_wconf 88' lang='grc' dir='ltr'>νος</span> <span class='ocrx_word' id='word_1_232' title='bbox 528 3277 560 3315; x_wconf 88' lang='grc' dir='ltr'>εν</span> <span class='ocrx_word' id='word_1_233' title='bbox 581 3271 622 3314; x_wconf 80' lang='grc' dir='ltr'>πσ</span> <span class='ocrx_word' id='word_1_234' title='bbox 641 3263 731 3331; x_wconf 69' lang='lat' dir='ltr'>tynam</span> <span class='ocrx_word' id='word_1_235' title='bbox 754 3264 817 3316; x_wconf 81' lang='lat' dir='ltr'>emit</span> <span class='ocrx_word' id='word_1_236' title='bbox 838 3280 867 3337; x_wconf 81' lang='grc' dir='ltr'>ρι</span> <span class='ocrx_word' id='word_1_237' title='bbox 889 3278 982 3316; x_wconf 85' lang='grc' dir='ltr'><strong><em>ναιων</em></strong></span> <span class='ocrx_word' id='word_1_238' title='bbox 1004 3266 1073 3314; x_wconf 75' lang='lat' dir='ltr'>tens.</span> <span class='ocrx_word' id='word_1_239' title='bbox 1110 3256 1148 3314; x_wconf 88' lang='lat' dir='ltr'>In</span> <span class='ocrx_word' id='word_1_240' title='bbox 1171 3252 1381 3328; x_wconf 75' lang='lat' dir='ltr'>ovavoupaita·</span> 
     </span>
     <span class='ocr_line' id='line_1_29' title="bbox 262 3343 1382 3437; baseline -0.001 -24"><span class='ocrx_word' id='word_1_241' title='bbox 262 3376 322 3437; x_wconf 88' lang='lat' dir='ltr'>que</span> <span class='ocrx_word' id='word_1_242' title='bbox 349 3376 404 3435; x_wconf 89' lang='lat' dir='ltr'>pre</span> <span class='ocrx_word' id='word_1_243' title='bbox 434 3347 548 3434; x_wconf 76' lang='grc' dir='ltr'><strong><em>οὔνομα</em></strong></span> <span class='ocrx_word' id='word_1_244' title='bbox 570 3358 662 3416; x_wconf 86' lang='lat' dir='ltr'>litera</span> <span class='ocrx_word' id='word_1_245' title='bbox 684 3355 706 3415; x_wconf 71' lang='lat' dir='ltr'>a</span> <span class='ocrx_word' id='word_1_246' title='bbox 726 3359 773 3418; x_wconf 92' lang='lat' dir='ltr'>bis</span> <span class='ocrx_word' id='word_1_247' title='bbox 800 3358 961 3418; x_wconf 88' lang='lat' dir='ltr'>redundat.</span> <span class='ocrx_word' id='word_1_248' title='bbox 1005 3357 1110 3416; x_wconf 88' lang='lat' dir='ltr'>Verba</span> <span class='ocrx_word' id='word_1_249' title='bbox 1135 3356 1305 3436; x_wconf 87' lang='lat' dir='ltr'>sequentia</span> <span class='ocrx_word' id='word_1_250' title='bbox 1328 3343 1382 3429; x_wconf 65' lang='grc' dir='ltr'>μηδὲ</span> 
     </span>
     <span class='ocr_line' id='line_1_30' title="bbox 261 3450 1381 3541; baseline -0.001 -26"><span class='ocrx_word' id='word_1_251' title='bbox 261 3450 339 3541; x_wconf 80' lang='grc' dir='ltr'>λόγῳ</span> <span class='ocrx_word' id='word_1_252' title='bbox 367 3458 441 3516; x_wconf 88' lang='lat' dir='ltr'>satis</span> <span class='ocrx_word' id='word_1_253' title='bbox 462 3460 624 3538; x_wconf 89' lang='lat' dir='ltr'>perspicue</span> <span class='ocrx_word' id='word_1_254' title='bbox 649 3459 763 3539; x_wconf 89' lang='lat' dir='ltr'>scripta</span> <span class='ocrx_word' id='word_1_255' title='bbox 785 3470 863 3520; x_wconf 87' lang='lat' dir='ltr'>sunt.</span> <span class='ocrx_word' id='word_1_256' title='bbox 909 3458 1055 3541; x_wconf 86' lang='lat' dir='ltr'>Sequitur</span> <span class='ocrx_word' id='word_1_257' title='bbox 1069 3460 1135 3535; x_wconf 89' lang='lat' dir='ltr'>jam</span> <span class='ocrx_word' id='word_1_258' title='bbox 1158 3478 1322 3537; x_wconf 74' lang='grc' dir='ltr'><strong><em>χρωροιμε,</em></strong></span> <span class='ocrx_word' id='word_1_259' title='bbox 1346 3451 1381 3509; x_wconf 83' lang='lat' dir='ltr'>uhi</span> 
     </span>
     <span class='ocr_line' id='line_1_31' title="bbox 261 3556 1381 3641; baseline -0.01 -20"><span class='ocrx_word' id='word_1_260' title='bbox 261 3562 287 3621; x_wconf 92' lang='lat' dir='ltr'>si</span> <span class='ocrx_word' id='word_1_261' title='bbox 309 3563 436 3641; x_wconf 90' lang='lat' dir='ltr'>primum</span> <span class='ocrx_word' id='word_1_262' title='bbox 460 3583 478 3640; x_wconf 79' lang='grc' dir='ltr'><strong><em>ρ</em></strong></span> <span class='ocrx_word' id='word_1_263' title='bbox 500 3562 627 3622; x_wconf 86' lang='lat' dir='ltr'>exulare</span> <span class='ocrx_word' id='word_1_264' title='bbox 642 3562 792 3640; x_wconf 75' lang='lat' dir='ltr'>jusseriS,</span> <span class='ocrx_word' id='word_1_265' title='bbox 816 3570 847 3620; x_wconf 92' lang='lat' dir='ltr'>et</span> <span class='ocrx_word' id='word_1_266' title='bbox 861 3583 872 3619; x_wconf 91' lang='grc' dir='ltr'><strong><em>ι</em></strong></span> <span class='ocrx_word' id='word_1_267' title='bbox 885 3561 1050 3619; x_wconf 87' lang='lat' dir='ltr'>mutaveris</span> <span class='ocrx_word' id='word_1_268' title='bbox 1067 3560 1098 3618; x_wconf 92' lang='lat' dir='ltr'>in</span> <span class='ocrx_word' id='word_1_269' title='bbox 1113 3581 1147 3634; x_wconf 87' lang='lat' dir='ltr'>v,</span> <span class='ocrx_word' id='word_1_270' title='bbox 1168 3558 1266 3616; x_wconf 90' lang='lat' dir='ltr'>habes</span> <span class='ocrx_word' id='word_1_271' title='bbox 1284 3556 1381 3615; x_wconf 81' lang='lat' dir='ltr'>initium</span> 
     </span>
     <span class='ocr_line' id='line_1_32' title="bbox 262 3657 1380 3744; baseline -0.009 -21"><span class='ocrx_word' id='word_1_272' title='bbox 262 3664 416 3744; x_wconf 89' lang='lat' dir='ltr'>participii</span> <span class='ocrx_word' id='word_1_273' title='bbox 437 3657 640 3742; x_wconf 77' lang='grc' dir='ltr'><em>χωρούμενον,</em></span> <span class='ocrx_word' id='word_1_274' title='bbox 664 3666 751 3742; x_wconf 87' lang='lat' dir='ltr'>cujus</span> <span class='ocrx_word' id='word_1_275' title='bbox 776 3665 876 3723; x_wconf 83' lang='lat' dir='ltr'>exitus</span> <span class='ocrx_word' id='word_1_276' title='bbox 896 3682 959 3720; x_wconf 88' lang='lat' dir='ltr'>una</span> <span class='ocrx_word' id='word_1_277' title='bbox 981 3681 1048 3719; x_wconf 91' lang='lat' dir='ltr'>cum</span> <span class='ocrx_word' id='word_1_278' title='bbox 1064 3660 1150 3718; x_wconf 90' lang='lat' dir='ltr'>initio</span> <span class='ocrx_word' id='word_1_279' title='bbox 1166 3660 1253 3717; x_wconf 88' lang='lat' dir='ltr'>veois</span> <span class='ocrx_word' id='word_1_280' title='bbox 1267 3675 1380 3738; x_wconf 79' lang='lat' dir='ltr'>sequen·</span> 
     </span>
     <span class='ocr_line' id='line_1_33' title="bbox 260 3759 1382 3837; baseline -0.01 -12"><span class='ocrx_word' id='word_1_281' title='bbox 260 3768 300 3825; x_wconf 92' lang='lat' dir='ltr'>tis</span> <span class='ocrx_word' id='word_1_282' title='bbox 328 3766 379 3824; x_wconf 89' lang='lat' dir='ltr'>din</span> <span class='ocrx_word' id='word_1_283' title='bbox 408 3766 480 3823; x_wconf 89' lang='lat' dir='ltr'>mihi</span> <span class='ocrx_word' id='word_1_284' title='bbox 509 3787 543 3825; x_wconf 90' lang='lat' dir='ltr'>se</span> <span class='ocrx_word' id='word_1_285' title='bbox 571 3764 730 3837; x_wconf 83' lang='lat' dir='ltr'>subduxit,</span> <span class='ocrx_word' id='word_1_286' title='bbox 762 3764 859 3822; x_wconf 91' lang='lat' dir='ltr'>donec</span> <span class='ocrx_word' id='word_1_287' title='bbox 878 3762 956 3834; x_wconf 83' lang='lat' dir='ltr'>vidi,</span> <span class='ocrx_word' id='word_1_288' title='bbox 985 3762 1128 3820; x_wconf 87' lang='lat' dir='ltr'>Latinam</span> <span class='ocrx_word' id='word_1_289' title='bbox 1148 3780 1258 3818; x_wconf 83' lang='lat' dir='ltr'>vocem</span> <span class='ocrx_word' id='word_1_290' title='bbox 1281 3759 1382 3819; x_wconf 68' lang='lat' dir='ltr'>nocentis</span> 
     </span>
     <span class='ocr_line' id='line_1_34' title="bbox 260 3860 1381 3946; baseline -0.007 -20"><span class='ocrx_word' id='word_1_291' title='bbox 260 3868 361 3926; x_wconf 92' lang='lat' dir='ltr'>locum</span> <span class='ocrx_word' id='word_1_292' title='bbox 390 3887 556 3946; x_wconf 87' lang='lat' dir='ltr'>occupasse</span> <span class='ocrx_word' id='word_1_293' title='bbox 579 3865 768 3926; x_wconf 88' lang='lat' dir='ltr'>Graecarum</span> <span class='ocrx_word' id='word_1_294' title='bbox 790 3866 947 3924; x_wconf 86' lang='lat' dir='ltr'>literarum</span> <span class='ocrx_word' id='word_1_295' title='bbox 968 3883 1024 3921; x_wconf 86' lang='grc' dir='ltr'>νον</span> <span class='ocrx_word' id='word_1_296' title='bbox 1045 3882 1078 3921; x_wconf 84' lang='grc' dir='ltr'>εν</span> <span class='ocrx_word' id='word_1_297' title='bbox 1097 3882 1154 3936; x_wconf 78' lang='grc' dir='ltr'>πυ,</span> <span class='ocrx_word' id='word_1_298' title='bbox 1182 3862 1227 3919; x_wconf 92' lang='lat' dir='ltr'>ita</span> <span class='ocrx_word' id='word_1_299' title='bbox 1251 3869 1288 3918; x_wconf 92' lang='lat' dir='ltr'>ut</span> <span class='ocrx_word' id='word_1_300' title='bbox 1309 3860 1381 3936; x_wconf 65' lang='lat' dir='ltr'>epto</span> 
     </span>
     <span class='ocr_line' id='line_1_35' title="bbox 262 3963 1380 4049; baseline -0.011 -19"><span class='ocrx_word' id='word_1_301' title='bbox 262 3972 359 4030; x_wconf 89' lang='lat' dir='ltr'>altero</span> <span class='ocrx_word' id='word_1_302' title='bbox 381 3969 400 4028; x_wconf 75' lang='grc' dir='ltr'><strong><em>ν</em></strong></span> <span class='ocrx_word' id='word_1_303' title='bbox 423 3970 567 4047; x_wconf 87' lang='lat' dir='ltr'>scriptum</span> <span class='ocrx_word' id='word_1_304' title='bbox 597 3967 651 4039; x_wconf 88' lang='lat' dir='ltr'>sit,</span> <span class='ocrx_word' id='word_1_305' title='bbox 677 3969 701 4025; x_wconf 90' lang='lat' dir='ltr'>ti</span> <span class='ocrx_word' id='word_1_306' title='bbox 721 3989 776 4049; x_wconf 87' lang='lat' dir='ltr'>pre</span> <span class='ocrx_word' id='word_1_307' title='bbox 798 3986 834 4043; x_wconf 76' lang='lat' dir='ltr'>a,</span> <span class='ocrx_word' id='word_1_308' title='bbox 865 3976 899 4025; x_wconf 92' lang='lat' dir='ltr'>ut</span> <span class='ocrx_word' id='word_1_309' title='bbox 925 3964 1105 4043; x_wconf 90' lang='lat' dir='ltr'>saepissime</span> <span class='ocrx_word' id='word_1_310' title='bbox 1134 3963 1250 4020; x_wconf 88' lang='lat' dir='ltr'>factum</span> <span class='ocrx_word' id='word_1_311' title='bbox 1277 3971 1338 4031; x_wconf 87' lang='lat' dir='ltr'>est,</span> <span class='ocrx_word' id='word_1_312' title='bbox 1360 3963 1380 4012; x_wconf 74' lang='lat' dir='ltr'>et</span> 
     </span>
     <span class='ocr_line' id='line_1_36' title="bbox 261 4049 1381 4149; baseline -0.014 -17"><span class='ocrx_word' id='word_1_313' title='bbox 261 4082 323 4132; x_wconf 91' lang='lat' dir='ltr'>tum</span> <span class='ocrx_word' id='word_1_314' title='bbox 350 4071 383 4128; x_wconf 93' lang='lat' dir='ltr'>in</span> <span class='ocrx_word' id='word_1_315' title='bbox 409 4070 469 4129; x_wconf 88' lang='lat' dir='ltr'>fine</span> <span class='ocrx_word' id='word_1_316' title='bbox 492 4071 506 4125; x_wconf 78' lang='lat' dir='ltr'>s</span> <span class='ocrx_word' id='word_1_317' title='bbox 527 4089 582 4149; x_wconf 87' lang='lat' dir='ltr'>pro</span> <span class='ocrx_word' id='word_1_318' title='bbox 603 4069 632 4128; x_wconf 71' lang='lat' dir='ltr'>ir.</span> <span class='ocrx_word' id='word_1_319' title='bbox 676 4068 735 4128; x_wconf 88' lang='lat' dir='ltr'>His</span> <span class='ocrx_word' id='word_1_320' title='bbox 764 4071 790 4127; x_wconf 89' lang='lat' dir='ltr'>si</span> <span class='ocrx_word' id='word_1_321' title='bbox 818 4066 991 4138; x_wconf 87' lang='lat' dir='ltr'>addideris,</span> <span class='ocrx_word' id='word_1_322' title='bbox 1022 4049 1103 4145; x_wconf 83' lang='lat' dir='ltr'>qnae</span> <span class='ocrx_word' id='word_1_323' title='bbox 1129 4083 1201 4121; x_wconf 85' lang='lat' dir='ltr'>mex</span> <span class='ocrx_word' id='word_1_324' title='bbox 1230 4068 1381 4142; x_wconf 84' lang='lat' dir='ltr'>sequnntur</span> 
     </span>
     <span class='ocr_line' id='line_1_37' title="bbox 261 4165 1379 4247; baseline -0.014 -16"><span class='ocrx_word' id='word_1_325' title='bbox 261 4194 322 4231; x_wconf 89' lang='lat' dir='ltr'>non</span> <span class='ocrx_word' id='word_1_326' title='bbox 344 4171 443 4230; x_wconf 89' lang='lat' dir='ltr'>dubiis</span> <span class='ocrx_word' id='word_1_327' title='bbox 464 4172 622 4229; x_wconf 89' lang='lat' dir='ltr'>literarum</span> <span class='ocrx_word' id='word_1_328' title='bbox 645 4168 785 4228; x_wconf 90' lang='lat' dir='ltr'>ductibus</span> <span class='ocrx_word' id='word_1_329' title='bbox 809 4189 842 4247; x_wconf 80' lang='lat' dir='ltr'>p,</span> <span class='ocrx_word' id='word_1_330' title='bbox 871 4188 981 4242; x_wconf 80' lang='grc' dir='ltr'><strong><em>ναιων,</em></strong></span> <span class='ocrx_word' id='word_1_331' title='bbox 1007 4165 1135 4223; x_wconf 85' lang='lat' dir='ltr'>habebis</span> <span class='ocrx_word' id='word_1_332' title='bbox 1158 4172 1256 4223; x_wconf 91' lang='lat' dir='ltr'>totum</span> <span class='ocrx_word' id='word_1_333' title='bbox 1278 4178 1379 4225; x_wconf 85' lang='lat' dir='ltr'>versun</span> 
     </span>
    </p>

    <p class='ocr_par' dir='ltr' id='par_1_6' title="bbox 262 4261 1402 4545">
     <span class='ocr_line' id='line_1_38' title="bbox 428 4261 1225 4353; baseline -0.009 -24"><span class='ocrx_word' id='word_1_334' title='bbox 428 4263 540 4348; x_wconf 73' lang='grc' dir='ltr'><strong><em>οὕνομα</em></strong></span> <span class='ocrx_word' id='word_1_335' title='bbox 561 4267 635 4348; x_wconf 77' lang='grc' dir='ltr'>μηδὲ</span> <span class='ocrx_word' id='word_1_336' title='bbox 657 4262 735 4353; x_wconf 77' lang='grc' dir='ltr'>λόγῳ</span> <span class='ocrx_word' id='word_1_337' title='bbox 758 4262 962 4350; x_wconf 81' lang='grc' dir='ltr'><strong><em>χωρούμενον,</em></strong></span> <span class='ocrx_word' id='word_1_338' title='bbox 984 4262 1017 4325; x_wconf 79' lang='grc' dir='ltr'>ἒν</span> <span class='ocrx_word' id='word_1_339' title='bbox 1035 4261 1109 4344; x_wconf 75' lang='grc' dir='ltr'><em>πυρὶ</em></span> <span class='ocrx_word' id='word_1_340' title='bbox 1129 4264 1225 4324; x_wconf 80' lang='grc' dir='ltr'><strong><em>ναίων</em></strong></span> 
     </span>
     <span class='ocr_line' id='line_1_39' title="bbox 263 4369 1378 4449; baseline -0.004 -18"><span class='ocrx_word' id='word_1_341' title='bbox 263 4394 329 4431; x_wconf 88' lang='lat' dir='ltr'>eum</span> <span class='ocrx_word' id='word_1_342' title='bbox 344 4372 456 4430; x_wconf 90' lang='lat' dir='ltr'>Latina</span> <span class='ocrx_word' id='word_1_343' title='bbox 474 4372 740 4449; x_wconf 86' lang='lat' dir='ltr'>interpretatione,</span> <span class='ocrx_word' id='word_1_344' title='bbox 762 4376 845 4445; x_wconf 82' lang='lat' dir='ltr'>cujus</span> <span class='ocrx_word' id='word_1_345' title='bbox 866 4387 966 4429; x_wconf 82' lang='lat' dir='ltr'>nemen</span> <span class='ocrx_word' id='word_1_346' title='bbox 987 4371 1062 4426; x_wconf 79' lang='lat' dir='ltr'>illum</span> <span class='ocrx_word' id='word_1_347' title='bbox 1083 4369 1195 4425; x_wconf 69' lang='lat' dir='ltr'>emtum</span> <span class='ocrx_word' id='word_1_348' title='bbox 1213 4385 1320 4441; x_wconf 79' lang='lat' dir='ltr'>sapere</span> <span class='ocrx_word' id='word_1_349' title='bbox 1333 4370 1378 4440; x_wconf 75' lang='lat' dir='ltr'>pet-</span> 
     </span>
     <span class='ocr_line' id='line_1_40' title="bbox 262 4468 1402 4545; baseline 0 -19"><span class='ocrx_word' id='word_1_350' title='bbox 262 4482 316 4538; x_wconf 77' lang='lat' dir='ltr'>est,</span> <span class='ocrx_word' id='word_1_351' title='bbox 337 4478 426 4540; x_wconf 66' lang='lat' dir='ltr'>ionem</span> <span class='ocrx_word' id='word_1_352' title='bbox 448 4475 582 4536; x_wconf 79' lang='lat' dir='ltr'>emittens,</span> <span class='ocrx_word' id='word_1_353' title='bbox 603 4490 682 4545; x_wconf 87' lang='lat' dir='ltr'>quae</span> <span class='ocrx_word' id='word_1_354' title='bbox 704 4472 748 4528; x_wconf 90' lang='lat' dir='ltr'>sic</span> <span class='ocrx_word' id='word_1_355' title='bbox 771 4470 962 4530; x_wconf 88' lang='lat' dir='ltr'>emendanda</span> <span class='ocrx_word' id='word_1_356' title='bbox 985 4479 1046 4528; x_wconf 85' lang='lat' dir='ltr'>est:</span> <span class='ocrx_word' id='word_1_357' title='bbox 1070 4472 1153 4541; x_wconf 83' lang='lat' dir='ltr'>cujus</span> <span class='ocrx_word' id='word_1_358' title='bbox 1174 4486 1275 4528; x_wconf 83' lang='lat' dir='ltr'>nomen</span> <span class='ocrx_word' id='word_1_359' title='bbox 1298 4468 1379 4526; x_wconf 73' lang='lat' dir='ltr'>nouo</span> <span class='ocrx_word' id='word_1_360' title='bbox 1401 4529 1402 4536; x_wconf 41' lang='lat'>,</span> 
     </span>
    </p>
   </div>
   <div class='ocr_carea' id='block_1_3' title="bbox 0 0 1451 5184">
    <p class='ocr_par' dir='ltr' id='par_1_7' title="bbox 0 0 1451 5184">
     <span class='ocr_line' id='line_1_41' title="bbox 0 0 1451 5184; baseline 0 0"><span class='ocrx_word' id='word_1_361' title='bbox 0 0 1451 5184; x_wconf 95' lang='lat' dir='ltr'> </span> 
     </span>
    </p>
   </div>
  </div>
 </body>
</html>
