2884 5184
357 431 543 491 eulaius
566 433 835 483 savonarias.
882 462 885 469 «
1127 422 1163 483 31

29 608 73 667 tic
95 598 171 689 γόος
200 597 336 684 ἆμφέχει
358 606 411 681 14,
441 606 491 667 39.
516 595 595 681 ittig
615 598 740 686 άμφέχει
764 608 820 682 13,
845 607 918 668 479.
946 602 1068 669 δούλιον
1085 596 1168 690 ἦμαρ

29 699 143 787 ἱμφὲχει
174 708 232 782 14,
269 705 319 766 28.
346 699 440 786 φόβος
465 702 589 788 άμφὲχει
619 711 653 784 3,
681 711 732 770 25.
762 710 849 789 δεῖμα
876 700 999 787 ιἰμφέχει
1027 712 1062 785 7,
1092 710 1164 773 259.

29 810 74 883 12,
94 809 168 870 466.
205 806 362 882 13,·199.
392 799 457 880 δέος
483 799 606 888 άμφέχει
629 809 665 885 9,
688 809 760 871 273.
795 809 850 886 12,
878 810 950 871 357.
994 812 1098 893 Atque
1122 816 1167 874 sie

29 913 54 969 oi
75 912 185 986 fallor,
213 910 431 992 reponendum
454 912 489 985 7,
513 909 591 971 584:

364 1006 495 1092 κάματος
518 1003 549 1073 δ’
572 1004 764 1092 ύπεδάμνατο
783 1006 874 1087 λαούς

186 1106 318 1188 άσπετυς
338 1104 548 1196 άμφστέρωθε·
571 1107 676 1177 λύοντο
698 1114 731 1176 δὲ
747 1120 820 1198 γυῖα
837 1113 888 1176 ιιαλ
910 1105 988 1196 itui,

187 1215 321 1293 αἰζηῶν·
347 1206 415 1277 ἀλλ’
443 1210 507 1277 σύτι
532 1210 747 1296 μενεπτολέμου
765 1211 899 1296 Ἀχιλῆος

188 1309 358 1397 άμφεχεν
376 1309 443 1379 υἱέα
464 1319 562 1396 δῖον,
584 1317 647 1380 ἐπεί
670 1315 709 1400 δά
727 1319 760 1381 ολ
775 1313 901 1401 ὄβριμον
922 1305 995 1402 ἦτορ

187 1411 322 1498 πάμπαν
343 1420 396 1499 ἔην
414 1414 552 1501 άτρυτυν.

30 1520 139 1579 Durum
166 1531 232 1596 est,
267 1522 309 1582 ad
336 1516 466 1602 άμφεχεν
493 1514 560 1583 vtio
588 1522 654 1581 δῖον
676 1544 693 1581 e
712 1523 970 1603 praecedentibus
991 1527 1167 1605 intelligere

29 1618 166 1699 κάματος,
190 1635 323 1705 propter
351 1626 547 1705 interposita:
583 1615 688 1684 λύοντο
714 1620 746 1683 δὲ
769 1628 840 1705 γυῖα
864 1624 914 1687 καλ
936 1618 1012 1707 άλιιὴ
1038 1627 1165 1706 Λὶζηῶν.

31 1724 86 1781 Vix
113 1724 236 1800 dubito,
274 1710 422 1805 Quintum
449 1727 610 1806 scripsisse
633 1716 763 1804 άμφεχεν
789 1719 855 1789 υἱέα
883 1728 998 1802 δεῖος;
1027 1751 1097 1789 nam
1123 1731 1167 1789 sio

31 1826 136 1899 statim,
159 1829 394 1907 comparatione
412 1830 591 1907 interjecta,
615 1849 645 1886 v.
666 1826 738 1888 592.
761 1850 808 1912 sq.

189 1920 231 2001 ὣς
256 1921 318 2008 άρα
339 1929 491 2009 Πηλελδαο
512 1930 677 2009 δαΐφρονος
698 1923 777 2003 υἱέος
796 1930 906 1993 ἐσθλοῦ

189 2023 262 2090 οὔτε
280 2025 398 2111 μάγος
418 2028 560 2113 στονόεις,
581 2025 647 2096 οὔτ’
672 2026 711 2116 άρ
733 2024 814 2105 δέος
835 2025 961 2113 ἥψατο
982 2027 1109 2115 γούνων.

34 2125 128 2207 Atque
150 2128 231 2203 δεῐος
253 2155 310 2213 pro
332 2125 398 2207 δέος
424 2138 457 2195 in
475 2138 582 2218 Epieis
606 2158 669 2196 non
691 2135 785 2194 semel
814 2137 960 2212 ooourrit3
994 2137 1033 2195 of.
1055 2138 1092 2195 Il.
1119 2137 1165 2210 to,

37 2224 99 2286 376.
125 2230 177 2306 15,
207 2234 238 2292 4.
263 2270 307 2279 -
333 2237 501 2297 Praeterea
531 2237 613 2318 apud
643 2236 791 2315 Quintum
821 2234 1051 2296 observavimus
1078 2229 1168 2312 νέφος

37 2316 149 2410 ἆμφέχει
177 2333 216 2411 8,
243 2336 318 2398 483.
352 2338 406 2411 19,
437 2338 504 2412 54.,
532 2339 586 2399 sed
615 2338 739 2398 diversa
765 2346 895 2419 utroque
923 2339 992 2397 loeo
1022 2338 1167 2398 orationis

39 2440 192 2514 struatura3
216 2429 310 2518 άχλδς
328 2428 453 2517 σἰμφὲχει
477 2439 532 2515 13,
558 2441 606 2499 16.
632 2442 694 2520 πῦρ
714 2429 838 2518 άμφὲχει
860 2441 894 2514 5,
919 2437 989 2501 106.
1018 2439 1072 2514 ta,
1094 2438 1166 2499 460.

39 2525 119 2606 stada
145 2526 273 2620 άμφέχει
304 2538 358 2615 12,
389 2539 462 2599 555.
496 2535 580 2623 χάρις
606 2534 730 2621 άμφὲχει
755 2540 789 2615 3,
823 2539 895 2601 558.
946 2543 1059 2603 Nostro
1092 2563 1167 2602 vero

39 2630 113 2709 loeo,
143 2641 227 2703 unde
252 2662 353 2702 sermo
382 2654 506 2704 exortus
534 2656 595 2721 est,
628 2655 771 2726 corrupta
796 2644 918 2706 videtur
940 2645 1019 2704 haec
1046 2665 1108 2703 vox
1137 2652 1167 2702 et

40 2733 192 2813 legendum
214 2737 381 2823 άντεγευ.

42 2856 66 2894 v.
86 2837 152 2902 227.
179 2856 342 2907 exaratum
362 2856 427 2907 erat
448 2849 480 2908 in
503 2849 635 2929 antiquis
657 2849 744 2908 libris
766 2846 980 2925 Στυμφελλδεςς
1003 2848 1165 2928 Dausque·

38 2936 95 3011 jum
114 2957 236 3009 secutus
253 2949 459 3027 Στυμφαλίδες
472 2952 669 3029 Tyohsenius
692 2948 786 3009 dedit.
824 2949 911 3008 Leve
933 2958 994 3021 est,
1015 2949 1070 3008 sed
1093 2951 1165 3008 sori-

43 3037 162 3108 bendum
183 3051 305 3112 eratin
327 3052 526 3132 epicopatus
549 3049 820 3128 Στυμφηλίδες.
859 3074 861 3077 ·
1174 3066 1176 3070 “

43 3158 68 3197 v·
88 3143 155 3206 345.
191 3144 336 3230 πλήθει
360 3142 389 3212 δ’
413 3139 482 3214 adse
505 3145 637 3213 κύπελλα
657 3152 739 3231 βοῶν
757 3143 924 3239 γλάγος,
938 3139 993 3227 ἠδὲ
1014 3148 1065 3211 καλ
1085 3149 1165 3210 οἰῶν.

45 3238 73 3299 Si
89 3241 196 3329 γλάγος
225 3254 397 3332 subjeetum
427 3265 473 3316 est
496 3257 587 3335 hujus
613 3255 780 3328 enuntiati,
807 3252 959 3314 notandus
980 3254 1038 3313 erit
1056 3254 1165 3314 transi-

43 3341 114 3406 tivus
131 3371 204 3414 usus
225 3358 315 3417 verbi
329 3350 474 3435 πλήθειν,
499 3361 586 3438 eujus
600 3360 759 3440 passivum
773 3347 947 3434 πλήθεσθαι
962 3357 1076 3417 Noster
1092 3378 1165 3438 quo·

46 3463 97 3522 que
115 3452 252 3518 adhibuit
274 3456 310 3531 8,
334 3457 385 3518 53.
409 3456 480 3518 229.
514 3460 566 3535 14,
592 3459 665 3521 607.
692 3459 775 3520 unde
798 3459 1001 3518 Buttmannus
1020 3459 1165 3539 supplen-

46 3542 142 3611 dusest
153 3557 184 3615 in
192 3559 295 3619 indiae
305 3559 510 3640 verbbirreg.
532 3566 678 3623 Fortasse
687 3572 790 3622 autem
800 3551 937 3638 γλαγδς
949 3571 995 3619 est
1003 3562 1166 3637 genitivus.

47 3663 71 3700 v·
92 3647 158 3713 359.
189 3661 265 3742 quid
293 3663 333 3721 sit
354 3652 487 3738 χάλκειος
510 3662 586 3744 ἔρις,
613 3664 729 3724 nescio.
774 3661 874 3720 Versu
898 3671 999 3721 autem
1021 3681 1087 3741 seq.
1111 3683 1167 3740 pro

48 3739 153 3815 λάεσσιν
170 3748 391 3842 άταρτηρῶς
408 3757 549 3843 ἐμάχοντο
573 3761 768 3826 scribendum
782 3759 904 3819 videtur
925 3749 1167 3841 άταρτιγροῖς.

48 3862 73 3901 V·
93 3848 159 3915 364.
196 3855 284 3936 ἄλλος
304 3854 333 3923 δ’
358 3858 430 3925 otta>
452 3864 565 3947 χέρεσσι
584 3858 680 3943 μάχης
700 3851 910 3941 άλκτήριυν
930 3854 996 3939 εἶχε.

49 3942 92 4006 El
113 3955 169 4018 hoa
189 3984 282 4025 versu
304 3987 386 4025 nova
407 3967 630 4044 significatione
652 3955 685 4026 τὸ
705 3955 870 4042 ἀλιτήριον
889 3965 922 4022 in
941 3964 1052 4023 lexicis
1074 3982 1167 4040 auge·

51 4041 132 4128 bitur,
154 4082 213 4142 qua
234 4065 350 4144 gaudet
368 4088 491 4148 quoque
513 4066 550 4141 9,
575 4066 645 4125 121.
671 4066 726 4140 11,
748 4063 821 4124 423.

51 4151 199 4243 ”Md-sq.
219 4159 344 4226 ἕσσυσθ’
364 4157 500 4248 Ἀργεῖοι,
522 4158 594 4245 μηδ’
617 4167 736 4226 εἴκετε
757 4163 1029 4244 δυσμενέεσσιν

204 4263 445 4346 ἔσσυμένυις·
467 4270 557 4327 νῶϊν
574 4264 632 4345 γὰρ
654 4256 803 4328 άάσπετυν
820 4255 913 4328 ἔσσετ’
939 4260 1061 4340 δνειδσς.

53 4343 210 4460 Lfftebatur
242 4379 350 4428 antea:
388 4360 462 4447 μήδ’
497 4368 586 4428 εἴκετε
617 4365 820 4444 ἐσσυμένοισιν
854 4366 1084 4447 Δυσμενὲεσσιν·
1117 4370 1173 4429 νῶϊ

55 4463 146 4527 710²·
168 4487 192 4530 τ.
215 4471 239 4528 λ.
286 4470 466 4531 Correotum
491 4480 538 4530 est
566 4490 607 4530 ex
632 4470 849 4531 Rhodomanni
879 4472 965 4531 facili
994 4492 1068 4532 sane
1098 4493 1168 4531 oon·
