2884 5184
373 475 487 523 erno
509 474 800 524 nnorsnrmn.
1098 471 1157 531 147

57 646 246 726 exemplaribus
275 649 432 710 Lactantii
459 660 491 709 et
520 648 610 710 aditis
638 658 670 709 et
697 652 821 732 scripto.
865 652 972 712 Mirari
997 655 1048 715 hic
1076 657 1158 718 subit

55 750 113 807 initio
127 749 262 828 supinam
281 749 474 810 Bunemanni
496 752 731 830 negligentiam,
744 753 796 833 qui
812 755 963 834 quomodo
978 777 1036 836 pro
1052 777 1156 837 κροεν·

53 847 179 927 νοουμένου
201 860 327 911 veteres
349 850 500 913 editiones
518 853 638 931 legant,
660 873 731 912 raro
752 853 895 932 exemplo
918 855 1002 933 (narn
1024 860 1155 937 plerum·

53 972 92 1031 quc
113 953 141 1010 in
167 951 301 1014 Graecis
329 952 523 1033 obmutescit)
549 954 713 1014 indicavit:
742 972 906 1032 ννροονουου
932 988 976 1001 ·-
997 977 1156 1038 κρουοομε-

51 1073 133 1111 νου-
152 1073 341 1132 κροουμευου
369 1058 462 1114 σθεου
497 1088 532 1098 -
568 1050 807 1134 προευυυυμίνου
837 1053 952 1134 κυρίου.
1001 1057 1044 1117 At
1075 1058 1156 1119 idem

49 1162 101 1231 quot
123 1162 285 1233 praeterea
319 1155 533 1215 memorabiles
561 1155 702 1216 lectionis
731 1154 898 1215 varietates
926 1158 957 1216 in
985 1159 1023 1218 iis
1050 1174 1154 1220 occur·

47 1263 102 1327 rant,
120 1255 254 1315 indicare
277 1256 385 1316 noluit.
408 1256 520 1337 Neque
538 1254 771 1337 imprimendum
794 1270 932 1320 curasset
951 1249 988 1320 od
1009 1252 1042 1320 rb
1061 1252 1156 1339 ὄνομα

46 1341 128 1433 cipro
147 1343 183 1415 οὗ
202 1346 237 1416 τὸ
256 1349 355 1434 ὄνομα
374 1346 420 1433 οὗ,
438 1377 500 1417 non
523 1358 621 1435 magis
643 1377 736 1438 quarn
756 1354 823 1437 περί
843 1347 896 1417 τὸν
919 1350 1013 1436 μόνον
1041 1349 1157 1439 κοίροου,

45 1476 84 1533 pro
100 1453 159 1535 κερί
182 1459 237 1516 τοῦ
260 1450 356 1533 μόνου
385 1457 505 1536 κυρίου,
534 1468 569 1518 ut
596 1459 698 1519 omnia
724 1468 830 1519 nostra
856 1460 1045 1539 exemplaria
1070 1469 1154 1521 recte

44 1555 138 1617 habent.
180 1559 376 1619 Postremum
394 1567 498 1619 tamen
524 1560 584 1620 hoc
612 1558 740 1622 Cellarii
763 1560 890 1620 editioni
916 1560 1020 1619 forsan
1044 1580 1153 1640 accep·

44 1665 89 1715 tun
109 1659 221 1734 retulit,
249 1668 286 1719 ut
311 1679 351 1720 ex
385 1658 514 1719 Gellarii
543 1661 797 1740 interpretatione
825 1661 953 1733 Latina,
976 1661 1044 1740 ipsa
1074 1662 1154 1720 enim

44 1756 110 1835 injus
128 1761 184 1819 viri
204 1760 345 1820 editione
367 1780 520 1835 caremus,
542 1762 664 1838 colligo.
691 1761 764 1835 Sed,
785 1770 820 1821 ut
840 1780 1012 1842 pergamus,
1034 1763 1065 1821 in
1088 1761 1151 1821 edi·
1195 1835 1197 1838 Ι

44 1858 104 1919 t‘one
122 1862 151 1921 A
166 1864 273 1922 locum
292 1862 337 1921 sic
360 1881 539 1942 expressum
559 1862 705 1940 legimns:

104 1982 193 2021 υοτυου
216 1962 250 2022 de
272 1983 377 2023 rooroo
394 1983 447 2022 roo
467 1979 563 2023 αοννοο
580 1984 601 2040 ορ
620 1984 673 2024 roo
693 1967 781 2025 θείου
808 1985 860 2024 και
886 1982 1012 2044 αμοαυου
1032 1967 1153 2044 αγοθου

43 2058 128 2137 imino
145 2079 174 2122 οσ
197 2067 297 2140 pirron
324 2082 542 2143 κροηνεγκερου
564 2083 597 2122 ro
622 2082 716 2141 υνομο
743 2063 927 2125 codevorat
953 2066 1152 2145 αυθρυοοοονοο·

43 2173 134 2237 οτομοτι
156 2166 346 2240 anaema,
374 2162 406 2223 id
433 2173 494 2223 est:
540 2184 633 2223 causa
667 2173 769 2223 autem
796 2164 887 2242 hujus
916 2183 1028 2224 causac
1056 2165 1152 2224 divini

42 2270 63 2317 et
76 2263 192 2323 increati
212 2264 291 2324 boni
307 2263 464 2337 voluntas,
487 2284 567 2345 quae
583 2264 674 2325 deum
692 2263 834 2342 protulit,
857 2264 943 2341 cujus
963 2282 1075 2322 nomen
1089 2284 1151 2323 non

41 2371 117 2438 potest
134 2365 269 2425 humano
291 2385 344 2425 ore
367 2366 437 2425 dici.
481 2366 523 2424 Et
544 2365 729 2445 paulopost
749 2362 790 2422 ad
808 2363 912 2423 filium.
956 2377 1030 2422 εστι
1046 2378 1152 2442 popter

42 2480 160 2525 οτεκυον
177 2468 355 2545 απορρηθος
375 2468 464 2545 ίομοο
484 2482 591 2542 copton
619 2451 710 2537 ootoc‘
726 2483 794 2544 πορν
819 2484 873 2525 κου
899 2482 1006 2543 κυροου
1029 2481 1152 2522 παντων

41 2581 77 2621 ουν
97 2585 316 2645 κρονοουμενυο
338 2570 431 2627 οθεου
457 2583 566 2626 ostense
592 2585 666 2645 οπερ
697 2568 863 2645 ουθροοκου
887 2567 991 2637 eodan,
1024 2564 1057 2625 id
1087 2574 1149 2624 est:

39 2660 79 2720 un
96 2667 170 2726 enim
191 2667 241 2727 fili
262 2678 398 2729 secretus
421 2668 544 2749 quidem
562 2685 661 2726 sermo
682 2667 854 2747 sapientiae
876 2675 1000 2727 sanctus
1023 2664 1062 2726 de
1083 2665 1150 2726 solo

39 2760 133 2827 domino
153 2771 289 2829 omnium
317 2747 348 2830 et
372 2770 436 2842 dei,
466 2770 614 2848 quiante
638 2776 742 2829 mente
768 2768 902 2849 capitur,
932 2787 1023 2848 quem
1047 2768 1150 2829 dicere

39 2882 109 2943 snpra
126 2869 282 2931 hominem
303 2880 359 2931 est.

101 2968 141 3029 Ut
158 2970 212 3030 hic
234 2970 391 3051 paulisper
412 2970 627 3041 subsistamus,
645 2969 755 3028 melius
775 2966 913 3027 videmus
925 2964 1020 3025 αἴτιον
1038 2963 1070 3025 di
1083 2960 1150 3025 τού-

38 3085 74 3124 ουυ
87 3071 134 3128 τοῦ
150 3068 249 3131 αἰτίου
266 3072 345 3149 legi,
372 3091 464 3151 quam
489 3067 576 3129 niele.
620 3069 767 3129 Videmus
795 3075 957 3147 praeterea
986 3085 1038 3139 ea,
1069 3085 1149 3144 quae

38 3170 115 3228 rtatim
135 3171 321 3253 sequuntur,
350 3172 426 3232 duas
454 3190 547 3229 voces
572 3170 660 3229 nobis
688 3166 902 3247 suppeditare,
933 3186 1013 3246 quae
1037 3166 1149 3228 frustra

37 3266 187 3350 ἱονοίςκοκ
209 3274 343 3333 lectione
365 3291 512 3353 quaeras,
540 3262 560 3348 ἣ
589 3272 641 3330 τοῦ
659 3267 747 3329 θείου
771 3264 822 3327 καί
843 3259 1007 3348 ἆγενυήτυυ
1028 3257 1149 3348 ἀγαθοῦ

36 3360 159 3449 βούλησις,
181 3374 236 3433 ubi
256 3375 369 3434 Latina
391 3392 514 3454 quoque
534 3372 745 3451 interpretatio
768 3377 794 3429 et
812 3375 930 3429 increati
947 3368 1064 3448 adjicit.
1085 3368 1149 3431 Sed

35 3466 172 3534 inverbis
200 3465 222 3552 ἣ
248 3468 322 3534 θεὸν
350 3465 534 3553 προήνεγκεν
559 3473 636 3533 nihil
663 3473 810 3532 variatur.
854 3471 967 3531 Postea
997 3473 1149 3551 particula

36 3572 144 3633 musclis
165 3568 226 3654 γὰρ
247 3585 331 3635 recte
357 3576 391 3633 in
422 3572 548 3634 exordio
576 3574 676 3653 posita
705 3582 767 3647 est3
801 3562 895 3647 μόνου
917 3567 1040 3648 quidem
1061 3570 1149 3631 deest

35 3672 226 3753 necopino,
248 3674 304 3734 sad
326 3695 394 3734 oum
416 3676 449 3733 in
470 3674 583 3733 Latina
610 3672 863 3754 interpretatione
893 3687 1073 3746 expressum
1099 3672 1147 3742 sit,

36 3786 90 3830 meu
108 3783 224 3852 tantum
246 3773 399 3835 excidisse
418 3774 548 3834 videtur.
593 3773 733 3834 Tandem
753 3764 974 3850 προνοουμένου
997 3768 1073 3826 θεοῦ
1092 3788 1148 3847 pro

35 3871 119 3947 κυρίου
139 3875 276 3934 exhibet.
906 3951 908 3956 ,

98 3972 133 4032 In
154 3974 338 4036 editionibus
359 3976 385 4034 B
406 3984 437 4035 et
462 3974 582 4034 Overo
605 3972 683 4033 αἰτίον
699 3975 766 4051 jam
791 3969 919 4047 legitur,
948 3974 1011 4026 tum
1039 3966 1150 4026 desunt

35 4070 109 4129 verba
130 4072 182 4134 κοί
198 4067 370 4153 ἆμενυήτου,
389 4076 528 4156 quamvis
536 4076 649 4135 Latina
668 4070 880 4152 interpretatio
903 4077 930 4127 at
948 4070 1067 4125 increati
1085 4085 1147 4125 ser-

35 4177 86 4246 vat;
103 4182 164 4235 tum
184 4166 244 4255 γᾶρ
266 4175 368 4248 adest,
384 4175 440 4234 sed
452 4183 522 4254 post
541 4172 608 4254 περί
629 4175 682 4234 τοῦ
696 4166 791 4249 μόνου
808 4166 914 4247 κυρίου
931 4166 1041 4225 desunt
1053 4164 1150 4224 verba

35 4259 135 4333 πάντων
154 4273 206 4335 καί
226 4270 480 4353 κροενυοουμέυου
501 4273 608 4350 κυρίου
628 4273 701 4333 'sive
727 4272 818 4346 θεοῦ,
839 4288 918 4350 quae
941 4267 1053 4326 Latina
1074 4284 1147 4345 quo-

36 4386 79 4443 quc
110 4375 319 4456 interpretatio
354 4375 472 4435 omittit.
527 4374 703 4433 Editionem
731 4372 761 4429 D
799 4389 866 4429 cum
896 4364 1149 4426 Bunemauniana'

35 4483 135 4541 prorsus
158 4479 350 4555 conspirare,
376 4477 435 4534 niei
457 4473 539 4555 quod
555 4482 641 4535 'recte
665 4473 717 4532 dat
739 4455 776 4530 od
798 4461 831 4529 τὸ
855 4461 949 4544 ὄνομα
969 4455 1006 4526 οὖ
1031 4473 1062 4524 et
1083 4460 1150 4542 περί

875 4566 914 4626 10
925 4567 943 4605 *
