2884 5184
389 461 503 509 aruo
524 461 815 516 nsorssrrort.
1115 457 1174 519 135

51 635 90 694 buo
105 653 322 713 comparasse,
342 657 409 695 cum
429 644 534 696 tomen
549 637 617 716 ipse
638 657 704 698 non
726 638 765 698 de
787 648 917 699 accentu
945 650 977 700 51
1000 643 1172 722 quantitate

49 736 88 794 sod
110 736 145 795 de
176 736 247 795 sola
286 736 498 797 declinatione
522 737 643 799 locutus
669 739 770 799 videri
801 740 923 801 debeat.
974 742 1063 803 Haec
1090 746 1171 805 enim

48 836 89 895 loci
105 836 319 917 Stephaniani
342 849 389 900 est
417 839 585 911 sententia,
613 860 676 899 non
702 841 778 900 satis
805 840 861 900 illa
886 842 924 900 ab
953 843 1170 923 interpretibus

45 937 192 997 intellecta.
233 938 330 1000 Juba
347 943 380 1001 in
399 942 526 1001 historia
546 961 602 1001 sua
623 942 761 1020 genitivo
778 932 974 1021 Ἀβοριγίνων
993 965 1067 1004 usus
1086 958 1168 1026 erat3

44 1039 96 1097 binc
113 1037 198 1099 addit
218 1040 406 1122 Stephanus
425 1063 487 1103 non
510 1062 529 1101 a
547 1063 623 1102 vero
645 1044 780 1103 alionum
801 1043 901 1103 videri
926 1066 1018 1124 posse
1038 1050 1167 1108 nonnul-

42 1139 80 1211 lis,
97 1142 268 1217 genitivum
291 1144 378 1203 hunc
400 1164 419 1202 a
440 1144 627 1204 nominativo
646 1133 829 1222 Ἀβρριγῖνος
843 1144 1042 1220 descendere,
1065 1168 1167 1228 quem·

42 1240 180 1301 admodum
197 1242 388 1304 «Λεοντίνων
407 1254 439 1305 ct
458 1235 696 1323 Ἀκραγαντίνων
717 1266 737 1303 a
756 1255 841 1306 recto
863 1266 937 1307 casu
958 1250 1119 1319 Λιονιῖνος
1140 1258 1171 1309 51

39 1330 251 1419 Ἀκραγαντῖνος
276 1344 479 1405 descendant.
515 1344 580 1406 Sed
599 1342 667 1406 cum
689 1346 772 1426 apud
787 1348 972 1426 Dionysium
990 1338 1171 1431 Ἀβοριγῖνες

43 1451 65 1499 ot
77 1431 257 1521 Ἀβοριγῖσιν
284 1445 392 1525 (illud,
416 1447 443 1521 1,
463 1446 493 1521 9,
512 1467 583 1528 pag.
606 1445 656 1506 25.
684 1446 733 1521 14,
761 1468 832 1527 ρας.
861 1447 912 1508 37.
945 1449 993 1523 16,
1018 1470 1089 1530 pag.
1118 1448 1169 1524 42,

39 1540 78 1598 41.
101 1551 156 1601 etc.
178 1544 242 1604 hoc
274 1567 352 1606 vero
381 1546 408 1620 1,
439 1545 488 1608 14.
507 1568 578 1629 pag.
609 1547 661 1606 411.
694 1548 742 1621 17,
773 1568 844 1627 pag.
871 1549 924 1609 45.
947 1560 1005 1611 etc.
1049 1548 1169 1628 Quibus

41 1640 103 1702 adda
123 1649 342 1708 accusativum
363 1639 550 1728 Ἀβοριγῖνας
573 1651 600 1721 1,
623 1647 671 1707 11).
693 1668 764 1728 pag.
788 1646 838 1708 27.
866 1648 912 1724 13,
930 1672 1002 1730 ρας.
1021 1650 1072 1711 36.
1095 1652 1167 1730 etc.)

41 1756 173 1820 occurrat,
200 1757 320 1827 patere
355 1750 427 1809 binc
455 1750 674 1809 nominativum
701 1771 763 1809 non
791 1770 860 1810 esse
885 1738 1084 1831 Ἀβοριγῖνος,
1112 1753 1169 1814 sed

40 1834 175 1926 Ἀβοριγέν,
196 1849 462 1930 quemadmodum
482 1849 618 1926 δελφῖσιν
637 1870 657 1908 5
675 1848 780 1926 deluto
797 1851 962 1912 derivetur.
993 1854 1057 1915 Sed
1078 1875 1166 1935 prae·

41 1954 122 2022 tcrca,
142 1951 188 2009 ita
210 1952 322 2031 pergit
343 1949 532 2029 Stephanus,
556 1951 713 2011 oraculum
741 1952 836 2028 illud,
863 1975 883 2014 a
907 1956 1060 2035 Dionysio
1090 1957 1165 2018 alla·

45 2056 103 2122 tom,
118 2052 301 2112 testimonio
323 2060 385 2125 est,
408 2051 504 2113 fuisse
526 2073 649 2134 quoque
671 2052 763 2114 aliam
784 2054 877 2130 hujus
899 2056 1045 2117 vocabuli
1072 2058 1166 2119 decli·

43 2151 190 2227 nationem,
212 2144 419 2233 Ἀβοριγῖναι,
439 2143 649 2233 Ἀβοριγινῶν,
671 2173 728 2234 pro
751 2173 811 2232 quo
832 2156 932 2215 ionice
950 2145 1169 2235 Ἀβοριγινέων,
1251 2144 1254 2149 ’

45 2257 68 2306 ut
84 2250 208 2314 ναυτέων
230 2276 291 2336 pro
312 2256 431 2315 ναυτῶν
449 2275 468 2313 a
489 2264 573 2316 recto
596 2256 710 2314 ναῦται.
740 2254 856 2314 Verum
877 2276 938 2314 non
959 2259 1168 2317 necessarium

45 2369 109 2423 csse,
128 2363 162 2413 ut
177 2345 396 2437 Ἀβοριγινέων
414 2358 453 2417 ab
477 2349 662 2435 Ἀβοριγῖναι
688 2354 859 2427 derivetur,
887 2354 943 2414 scd
967 2377 1060 2435 posse
1089 2358 1167 2418 illud

46 2472 146 2534 quoqne
168 2478 188 2515 a
208 2467 300 2520 recto
321 2479 394 2518 casu
413 2447 592 2538 Ἀβοριγῖνες
612 2456 775 2537 proficisci,
794 2456 869 2516 satis
887 2457 952 2535 jam
973 2456 1077 2519 docuit
1090 2459 1165 2519 Por·

44 2560 81 2612 tus
98 2556 134 2614 ad
148 2557 238 2618 Snid.
264 2578 289 2618 s.
309 2580 334 2619 ν.
347 2540 598 2639 Ἀβοριγῖνες.
640 2559 684 2619 At
706 2578 787 2639 quae
808 2558 863 2618 ille
888 2558 1032 2640 exempla
1055 2561 1166 2637 attulit,

47 2675 74 2713 oa
92 2657 218 2737 duplicis
242 2669 315 2721 sunt
341 2662 474 2738 generis.
517 2661 673 2739 Pleraque
702 2662 781 2720 enim
808 2662 1012 2739 genitivorum
1040 2664 1165 2724 circum·

46 2757 173 2821 derorum
201 2772 291 2836 sunt,
318 2782 398 2843 quae
433 2782 452 2821 a
482 2761 703 2840 monosyllabis
728 2762 820 2821 rectis
852 2761 1043 2823 descendunt
1073 2763 1166 2855 (adde

48 2856 144 2937 χειρέων
153 2865 341 2946 Hippocrat.
357 2864 395 2925 de
415 2864 535 2923 decent.
551 2883 616 2922 orn.
629 2863 668 2921 Τ.
691 2862 719 2919 1.
738 2882 809 2940 pag.
830 2860 881 2922 56.
893 2862 984 2921 Lind.
997 2860 1103 2939 ῥινέων
1120 2863 1162 2922 id.

49 2957 76 3016 11
85 2962 261 3036 judication.
280 2967 319 3025 T.
332 2966 360 3025 1.
383 2986 454 3046 pag.
477 2963 550 3024 445.
573 2960 692 3041 μηνέων
711 2963 841 3021 Lucian.
861 2962 899 3020 de
914 2963 1060 3040 astrolog.
1081 2984 1107 3022 c.
1135 2962 1164 3021 5.

49 3058 76 3115 Τ.
96 3061 120 3120 1.
140 3086 211 3145 pag.
238 3065 311 3126 592.
335 3066 463 3139 Schm.),
485 3065 518 3122 in
540 3065 651 3143 quibus
675 3063 754 3121 nihil
778 3061 888 3134 obstat,
910 3062 1070 3141 quominus
1093 3083 1164 3121 con-

49 3167 141 3224 tractus
158 3169 315 3245 genitivus
338 3168 371 3226 in
396 3186 468 3224 snas
496 3164 634 3243 syllabas
664 3162 839 3234 diducatur,
864 3181 1005 3243 quaeque
1038 3162 1078 3221 ad
1105 3163 1165 3223 for-

49 3279 109 3321 mam
127 3254 336 3384 Ἀβοριγινέων
356 3266 481 3339 tertiae,
503 3274 537 3325 ut
557 3286 650 3380 nunc·
657 3271 828 3336 numerant,
853 3262 953 3341 (olim
958 3265 1038 3324 enim
1060 3266 1167 3346 quinta

50 3481 95 3539 que
112 3469 259 3529 nonnulla
281 3466 439 3545 exempla,
463 3468 573 3547 quibus
592 3456 802 3546 Ἀβοριγινέων
823 3409 898 3527 satis
921 3434 1110 3541 defenditur,
1131 3477 1166 3528 ut

51 3564 202 3646 arantino,
226 3567 374 3629 Herodot.
397 3565 427 3641 8,
446 3567 496 3625 71.
513 3564 688 3645 ’γιλιοιδὲων,
709 3568 793 3647 quod
813 3569 924 3626 Portus
950 3566 1038 3624 affert
1066 3566 1159 3643 (attor-

51 3657 113 3737 11111,
135 3669 301 3731 abeodem
321 3667 489 3742 laudatum,
511 3669 645 3748 pertinet
670 3666 713 3727 ad
732 3659 866 3741 εῖλιέτης,
892 3685 953 3723 non
979 3665 1020 3723 ad
1046 3663 1163 3743 εἴλας).

50 3759 154 3829 1111111111
175 3772 347 3851 comparari
366 3778 501 3849 poterat,
520 3768 602 3849 quod
621 3768 775 3846 genitivus
802 3766 918 3844 primae
939 3763 1162 3837 declinationis,

50 3862 207 3953 Plerumque
226 3873 280 3932 ille
301 3872 529 3942 circumflexus,
551 3888 778 3968 nonnumquam
799 3885 922 3947 quoque
943 3866 975 3923 in
992 3864 1164 3924 nominibus

52 3963 99 4007 1411
122 3956 320 4018 circumflexis
346 3957 428 4015 banc
455 3954 598 4015 terminat
598 3955 700 4013 ionem
732 3951 889 4023 adsciscit,
863 3958 951 4008 tut
977 3945 1165 4025 μαχομενέων

51 4042 174 4116 Herodot.
197 4054 226 4131 2,
243 4057 293 4117 76.
316 4052 526 4133 πειθομενέων.
544 4054 586 4118 id
602 4051 747 4131 5‚18.*)
793 4051 856 4112 Sed
878 4052 986 4110 iterum
1006 4047 1097 4107 video
1115 4069 1163 4108 me

55 4146 226 4217 1141151115
251 4160 396 4220 terminos
419 4165 583 4236 evagatum
611 4175 696 4231 essc3
725 4149 914 4213 redeundum
942 4158 989 4211 est
1014 4151 1045 4208 in
1070 4150 1163 4207 viam.

56 4288 250 4313 x·—

106 4385 231 4454 ‘)Priori
248 4392 383 4443 Herodoti
407 4391 469 4442 loco
493 4388 750 4453 schweighausarus
775 4399 848 4433 nunc
870 4381 956 4432 edidit
978 4363 1162 4447 μαγομένωνς

56 4478 96 4530 111,
111 4478 206 4541 nescio,
222 4494 284 4529 cum
303 4476 391 4530 altero
409 4466 606 4538 πειθομενέων
624 4469 763 4524 intactum
782 4466 932 4536 reliquerit.
