2884 5184
282 391 342 451 140
619 397 879 446 resonasse
904 396 1071 448 essuos

279 579 311 637 in
332 576 487 635 Hermotis
509 573 672 655 Asclepio,
697 592 788 653 quem
807 573 854 634 ab.
869 573 1005 654 Apulejo
1024 576 1135 637 Latine
1151 576 1309 637 redditum
1322 579 1398 664 ηιμ

278 684 418 750 nument,
443 697 510 758 cap.
531 675 561 735 4.
582 696 654 757 pag.
672 672 746 734 487.
761 674 834 736 edit.
850 675 951 754 Lugd.
970 675 1061 735 1552.
1088 699 1179 759 quem
1203 678 1308 737 locum
1320 680 1368 737 Da
1385 667 1397 696 ‘¹

278 780 341 839 siue
361 779 429 856 jam
443 776 484 837 ad
500 779 654 838 Lactantii
673 776 694 837 l.
716 799 743 837 c.
764 777 913 838 laudavit.
942 781 1094 851 ‚stammas
1113 788 1141 837 et
1160 785 1286 838 omnarm
1306 693 1398 874 cons*

277 890 386 951 metor,
408 897 489 955 quern
508 888 583 939 recte
604 883 685 939 deum
706 882 836 951 drame,
858 898 921 939 sum
945 877 1037 957 Quem
1056 880 1170 957 legitur
1192 881 1283 961 apud
1309 883 1397 939 Da''

277 979 371 1059 male)
393 1001 412 1039 a
428 1000 460 1041 se
480 984 631 1040 secema
649 983 750 1056 fecerit
770 981 837 1059 (aut
856 980 962 1054 fallor,
985 991 1038 1042 aut
1052 982 1133 1041 inter
1153 986 1311 1041 secundm
1331 988 1385 1060 ets

276 1088 346 1144 card
374 1082 490 1143 excidit
516 1079 609 1159 deum)
637 1088 686 1158 qur·
709 1086 799 1142 videi
827 1092 859 1141 et
877 1087 976 1141 sentim
996 1087 1096 1158 possit,
1124 1088 1246 1143 emrdem
1270 1102 1286 1143 s

150 1234 165 1258 ,
276 1188 428 1245 sensibilem
443 1189 483 1245 ito
502 1186 638 1255 demta,
658 1203 715 1243 non
737 1187 814 1254 ideo,
832 1187 907 1259 qood
926 1189 986 1259 ipse
1006 1191 1121 1258 tentat,
1141 1190 1177 1244 de
1196 1189 1255 1245 hoc
1274 1192 1355 1259 enea,

276 1292 337 1362 epse
362 1290 475 1357 sertor,
505 1304 614 1357 maon,
643 1288 697 1344 aar
724 1289 846 1344 &semro
873 1294 1009 1362 tempore,
1036 1292 1086 1346 red
1112 1306 1144 1347 co
1171 1291 1251 1364 quod
1276 1193 1398 1380 σιώ

276 1389 855 1462 εοηεωὸιαιννίιιᾳιιοωὶιηιενροὴωιο
876 1390 1053 1462 seciteare
1077 1395 1201 1465 patarum
1232 1397 1260 1447 et
1287 1383 1398 1522 ussup

277 1490 805 1564 smarnoeamaeesreipalcter,
828 1496 989 1565 supoteqm‘
1013 1497 1049 1550 sit
1071 1498 1193 1552 omnnem
1220 1495 1398 1586 wmmtsptep

163 1613 167 1618 ·
276 1596 418 1662 maanus,
437 1596 540 1651 amarit
562 1607 624 1649 nrm
645 1598 676 1649 ut
690 1592 838 1648 dimatant
858 1607 927 1648 suae
944 1601 1085 1666 portem.“
1118 1593 1211 1653 Haec
1235 1589 1398 1674 quamquaui

275 1692 402 1752 liberius
419 1712 511 1752 versa
532 1712 595 1752 non
615 1692 729 1769 injuria
751 1690 882 1764 dixeris,
911 1700 1005 1774 atque
1037 1695 1162 1754 luxurie
1188 1694 1324 1776 quadam
1342 1703 1397 1800 pesp

276 1794 395 1865 canda,
418 1800 520 1853 tamen
540 1803 605 1853 tum
622 1813 703 1873 quae
723 1794 763 1854 sit
789 1793 954 1853 verborum
980 1795 1106 1855 istorum
1130 1792 1202 1874 περὶ
1227 1787 1288 1877 γὰρ
1313 1786 1398 1856 notros

276 1915 305 1953 a.
326 1914 353 1953 r.
373 1896 400 1952 λ.
421 1894 575 1954 sententia
596 1895 671 1954 satis
698 1896 863 1975 perspicue
891 1896 1043 1969 indicant,
1069 1904 1134 1955 tum
1160 1918 1259 1972 vero,
1289 1859 1398 1979 quaesti

274 1995 395 2057 ratione
411 1991 474 2055 ἐπεὶ
493 1993 570 2055 illud
592 1995 697 2056 forsan
716 1995 843 2057 defendi
864 1998 976 2076 possit,
999 2006 1177 2058 monstrant.
1211 2001 1297 2064 Nam
1317 1998 1395 2057 videri

275 2099 393 2178 possint
413 2097 510 2159 verba
531 2102 660 2173 quoniam
678 2115 744 2175 ereo
765 2101 840 2157 erac
857 2100 925 2173 fecit
941 2100 1097 2180 analepsis
1126 2121 1195 2161 esse
1228 2099 1397 2182 praesedeo-3

274 2202 350 2260 tium
367 2220 430 2261 cum
455 2221 474 2257 a
502 2216 534 2258 se
560 2203 710 2259 smerdem
734 2202 850 2275 fecerit,
877 2200 1077 2282 similiterque
1105 2204 1137 2261 in
1168 2202 1302 2263 Graecis
1319 2198 1398 2274 verba>

275 2297 337 2361 ἐπεὶ
361 2290 414 2364 τὸν
441 2291 578 2380 δεύτερον
608 2296 725 2379 hmines
749 2300 877 2382 reliquis
904 2303 1075 2381 interjectis
1103 2305 1218 2364 resumi
1249 2304 1282 2361 in
1313 2287 1397 2364 verbis}

275 2400 335 2463 ἐπεὶ
355 2388 434 2481 [οὖν]
452 2405 557 2463 τοῦτον
577 2399 701 2481 ἐποίησε.
746 2401 810 2463 Sed
833 2402 871 2464 de
895 2404 943 2463 his
960 2414 1069 2484 postea
1087 2402 1235 2464 dicemus.
1261 2389 1397 2468 Ceterum}

274 2514 307 2565 ut
328 2505 370 2563 ad
386 2504 554 2584 Apulejum
573 2514 728 2579 revertar,
751 2506 782 2564 in
810 2514 953 2584 corrupta
978 2525 1055 2564 voce
1082 2494 1185 2581 tyrsos
1212 2504 1294 2564 nulli
1323 2501 1391 2560 nobis

274 2605 390 2665 auxilio
412 2613 473 2678 est,
500 2627 567 2665 cum
588 2605 685 2666 solum
708 2603 827 2683 ἐφίλησε
847 2607 879 2665 in
901 2606 1043 2666 versione
1065 2605 1267 2683 expresserit.
1304 2603 1389 2662 Tertia

273 2707 484 2787 interpretatio
491 2708 603 2767 Latina
615 2717 717 2768 exstat
731 2709 762 2766 in
776 2706 939 2784 Augustini
954 2704 1083 2764 oration.
1096 2704 1135 2764 de
1151 2706 1292 2787 quinque
1301 2706 1388 2764 haere-

273 2809 329 2870 sib.
346 2808 419 2869 edit.
434 2808 534 2868 Paris.
552 2807 644 2869 1635.
664 2807 752 2868 Tom.
766 2807 795 2868 6.
817 2827 888 2887 pag.
913 2804 962 2865 16.
1007 2804 1071 2864 Sed
1092 2807 1189 2865 verba
1211 2827 1262 2881 ea,
1285 2807 1321 2865 de
1338 2804 1386 2884 qui·

271 2912 329 2973 bus
350 2912 516 2992 praecipue
533 2931 614 2971 nunc
637 2910 810 2991 quaeritur,
827 2907 870 2967 ibi
885 2906 996 2966 omissa
1013 2915 1097 2966 sunt:
1110 2911 1238 2967 dominre
1254 2916 1281 2967 et
1293 2911 1388 2966 mrem

271 3017 365 3090 foetor
397 3018 511 3074 deorum
543 3016 693 3072 secundum
721 3014 789 3087 fecit
817 3012 963 3068 manum.
1015 3008 1057 3068 Et
1091 3018 1161 3089 post
1188 3030 1290 3090 pauca
1317 3008 1386 3086 (haer

272 3115 368 3193 ipsius
391 3123 461 3174 sunt
483 3115 649 3192 Augustini
670 3112 780 3184 verba,
803 3109 955 3191 quaedam
976 3129 1010 3169 se
1034 3112 1172 3170 omisisse
1197 3106 1385 3182 monstrantis)

271 3224 305 3273 ut
328 3213 496 3274 ostenderit
515 3214 590 3294 quid
612 3214 739 3286 dixerit,
761 3213 906 3293 repetivit
928 3220 959 3271 et
982 3212 1074 3270 dixit:
1097 3217 1228 3287 quoniam
1251 3233 1314 3289 erqo
1331 3214 1385 3269 aas

269 3317 337 3390 fecit
356 3318 521 3388 ciprianum
544 3321 571 3370 et
588 3317 675 3371 solam
692 3321 718 3369 et
737 3334 835 3379 unam,
866 3317 952 3373 bonus
971 3322 1061 3371 auem
1082 3318 1109 3371 ei
1125 3318 1199 3373 visus
1219 3324 1275 3385 ert,
1303 3322 1327 3371 er
1338 3314 1383 3384 ple·

271 3418 399 3473 nr'ssimus
418 3416 537 3471 omnium
560 3415 707 3483 bononem,
729 3418 845 3473 metatus
865 3422 952 3473 estet
977 3416 1058 3470 valde
1077 3416 1174 3472 ddexit
1193 3425 1322 3491 nuquam
1339 3415 1382 3469 uni-

268 3520 387 3593 pem'tum
414 3533 503 3574 suum.
547 3512 609 3572 Hic
635 3512 719 3592 prius
747 3509 809 3573 ἐπεὶ
834 3535 957 3596 quoque
983 3534 1046 3572 non
1076 3525 1242 3594 comparet.
1285 3514 1382 3575 Initium

269 3626 431 3700 praeterea
452 3615 610 3695 paulisper
630 3615 749 3693 variat3
774 3618 806 3675 in
822 3617 883 3677 fine
905 3636 979 3677 vero
1001 3619 1167 3690 unipenr'tum
1188 3639 1245 3697 pro
1265 3623 1320 3693 filio
1335 3614 1381 3672 Au·

269 3721 390 3801 guetino
409 3717 580 3789 tribuerim,
599 3737 659 3796 quo
672 3716 881 3778 Hermeticum
902 3717 1025 3778 effatum
1038 3717 1135 3794 magis
1155 3718 1248 3776 etiam
1269 3715 1380 3777 cmissa-

267 3841 328 3881 nae
358 3819 514 3878 doctrinae
543 3818 794 3878 accommodaret.
846 3818 910 3878 Sed
940 3837 1021 3877 nunc
1058 3836 1095 3875 eo
1127 3819 1334 3898 pervenimus,
1359 3822 1382 3870 tt

269 3930 485 3993 monstremus,
509 3940 562 3979 cur
583 3919 673 3980 nobis
689 3921 821 4000 suspicio
844 3921 952 3979 oborta
979 3920 1033 3991 sit,
1059 3918 1227 3978 Patricium
1246 3921 1303 3978 hoc
1319 3917 1378 3990 frag-

268 4032 417 4094 mentum,
442 4022 480 4081 de
510 4042 569 4102 quo
592 4022 708 4099 agitur,
737 4020 777 4079 ad
797 4021 907 4081 librum
935 4021 1011 4079 XX.
1038 4020 1223 4080 Poemandri
1252 4018 1379 4080 retulisse.

270 4123 352 4183 Oasu
385 4121 516 4203 quodam
543 4143 598 4181 nos
628 4131 700 4183 ante
727 4122 919 4201 undeviginti
952 4141 1049 4181 annos
1075 4128 1181 4179 nactos
1208 4142 1275 4181 esse
1302 4113 1378 4177 Ficini

268 4224 409 4281 Latinam
431 4223 603 4282 versionem
624 4223 795 4296 Hermetis,
821 4243 901 4303 quae
923 4221 1007 4282 edita
1028 4231 1076 4280 est
1094 4221 1194 4298 Lugd.
1222 4219 1309 4280 1552.
1335 4212 1378 4282 ¹2⁰·

266 4323 456 4380 narravimus
470 4324 535 4398 jam
555 4323 588 4380 in
601 4322 817 4383 dissertatione
830 4324 869 4383 de
885 4323 1044 4384 elementis
1059 4321 1257 4401 Empedoclis
1274 4313 1377 4396 nupsi

272 4416 352 4475 1805
375 4419 459 4475 edita
479 4440 550 4495 pag.
575 4418 603 4476 2.
648 4423 752 4502 Atque
782 4444 801 4481 a
826 4424 893 4482 viro
923 4421 1055 4503 quodam
1084 4422 1205 4482 Graece
1233 4417 1377 4481 doctissimo
