2884 5184
426 420 509 473 ulra
531 419 608 466 CAR.
632 417 763 466 LUDOV.
787 418 932 466 STRUVE.
1142 423 1241 470 XXXV

97 595 216 651 contra
238 609 357 651 novam
377 588 475 651 fidem
495 591 635 670 sentias,
663 610 806 674 purgare
827 586 910 652 vult.
960 588 1058 668 Quod
1075 592 1187 674 magni
1209 593 1240 654 ei

96 685 331 749 inducemus.“
353 727 397 736 —
416 687 471 750 Ex
492 688 544 751 his
568 677 772 751 orationibus
795 697 827 750 et
846 688 937 770 aliis,
958 709 1040 774 quas
1063 690 1239 773 quotannis

95 788 134 849 in
155 786 269 849 schola
291 787 407 852 diebus
431 787 644 853 sollemnibus
669 796 702 851 et
729 789 765 851 in
785 795 949 852 conventu
970 789 1146 853 liberorum
1170 812 1239 853 mu-

95 889 278 970 rariorum,
299 910 437 973 quorum
460 889 581 957 sodalis
605 897 637 951 et
658 887 785 953 locutor
803 898 873 952 erat
879 938 889 971 ,
912 888 1064 971 habebat,
1086 900 1237 975 quatuor·

97 989 209 1053 decim
231 989 320 1074 typis
342 977 552 1050 excudendas
575 986 703 1049 curavit
725 986 927 1073 Regimontii
949 1012 978 1053 a.
1003 992 1093 1053 1822.
1118 993 1179 1056 sub
1199 995 1238 1057 ti·

95 1092 188 1173 tulo,
205 1113 301 1181 quem
324 1108 423 1174 supra
441 1087 513 1172 jam
534 1085 685 1150 laudavi:
704 1089 995 1176 „Abhandlungen
1010 1092 1078 1155 und
1090 1092 1240 1157 Reden.“

94 1232 140 1242 -
164 1192 211 1256 Ut
231 1214 311 1257 vero
334 1190 443 1253 animo
473 1189 708 1281 percipiamus,
735 1201 894 1275 quantum
921 1192 1069 1257 laborum
1101 1195 1155 1259 vir
1180 1195 1238 1258 im-

95 1295 196 1380 piger
225 1294 292 1357 illis
320 1289 522 1375 temporibus
554 1291 754 1376 susceperit,
785 1295 1000 1377 praetermitti
1027 1315 1093 1358 non
1119 1303 1237 1381 potest,

95 1417 160 1482 per
180 1393 304 1480 aliquot
321 1414 425 1456 annos
441 1414 514 1455 eum
534 1399 608 1454 aeta
629 1391 748 1455 diurna
763 1393 911 1479 publica,
935 1417 1019 1481 quae
1037 1395 1239 1480 Regimontii

95 1495 293 1582 prodibant,
329 1494 551 1574 ordinavisse,
589 1501 622 1555 et
654 1494 690 1555 in
717 1495 910 1559 universum
937 1495 1053 1581 optimi
1077 1496 1237 1582 cujusque

97 1597 264 1683 suscepti,
293 1597 329 1659 in
355 1616 419 1681 quo
447 1616 574 1658 summa
602 1595 747 1659 omnium
770 1596 892 1660 civium
921 1598 1129 1661 contentione
1155 1619 1235 1683 opus

96 1706 202 1779 esset,
226 1718 420 1783 praeconem
443 1704 476 1759 et
497 1718 664 1761 suasorem
687 1696 801 1760 fuisse.
848 1697 952 1783 Saepe
971 1698 1007 1760 in
1024 1719 1161 1762 numero
1184 1720 1236 1762 eo·

96 1821 174 1861 rum
197 1807 284 1880 erat,
308 1797 428 1884 quibus
451 1798 658 1863 sollemnium
684 1798 972 1863 instaurandorum
997 1820 1077 1863 eura
1103 1800 1236 1863 manda-

95 1901 215 1983 batur,
242 1908 279 1963 ut
307 1899 412 1962 Tertii
447 1898 538 1963 Festi
568 1898 752 1963 Saecularis
780 1899 1054 1983 Reformationis,
1088 1902 1176 1986 quod
1205 1924 1236 1963 a.

97 2003 193 2064 1817.
203 2001 656 2086 Regimontiicelebrabatur3
670 2024 806 2089 quorum
822 2002 1025 2066 sollemnium
1046 2001 1236 2088 descriptio·

94 2123 191 2184 nem,
207 2101 328 2165 additis
346 2104 614 2188 programmatis,
628 2104 830 2168 orationibus
843 2104 946 2167 sacris
963 2113 1061 2189 atque
1074 2102 1237 2167 sollemni-

95 2204 162 2268 bus
174 2211 207 2266 et
218 2204 418 2268 carminibus
428 2205 532 2287 festis,
544 2227 574 2268 a.
586 2206 676 2268 1819.
685 2203 799 2268 edidit.
819 2204 933 2269 Podsis
945 2214 1054 2268 autem
1064 2213 1101 2267 ut
1112 2205 1237 2268 adoles·

95 2305 188 2369 eenti
210 2313 316 2387 antea,
330 2307 378 2370 ita
392 2314 472 2369 tunc
487 2305 559 2370 viro
572 2306 711 2369 multum
727 2304 970 2385 consolationis,
988 2306 1102 2390 gaudii
1117 2316 1149 2370 et
1167 2306 1235 2371 ani-

96 2407 145 2470 mi
157 2406 307 2470 elationis
319 2406 508 2494 praebebat,
521 2417 552 2471 et
575 2407 726 2493 quamvis
744 2426 911 2492 nunquam
931 2415 1035 2469 totum
1055 2427 1129 2470 eum
1147 2417 1237 2472 tene·

93 2516 165 2591 ret,
188 2517 297 2572 tamen
320 2507 412 2572 vario
431 2506 526 2572 modo
554 2509 656 2573 vitam
685 2508 756 2593 ejus
788 2508 927 2572 ornabat
957 2517 989 2571 et
1017 2507 1234 2575 exhilarabat.

96 2610 165 2673 Per
186 2608 304 2673 multos
327 2630 430 2673 annos
451 2631 507 2673 eos
535 2609 693 2696 cujusque
725 2611 802 2673 anni
832 2608 918 2690 dies,
949 2630 1086 2694 quorum
1112 2609 1236 2672 instau-

96 2714 184 2776 ratio
210 2719 338 2795 gratam
366 2730 474 2775 rerum
499 2712 748 2797 praeteritarum
776 2711 966 2774 memoriam
996 2709 1178 2791 excitabat,
1200 2718 1237 2772 ut

96 2812 269 2879 Kalendas
292 2811 484 2895 Januarias,
508 2812 595 2876 diem
616 2813 759 2876 natalem
772 2811 873 2895 Regis
886 2810 1135 2896 Augustissimi,
1151 2810 1238 2872 diem

98 2938 231 3004 pugnae
253 2914 437 3000 Lipsiensis
459 2912 659 2977 carminibus
685 2910 833 2975 ornabat.
877 2911 997 2975 Dulcis
1020 2917 1238 2995 spectatarum

98 3019 227 3103 aliquot
248 3013 447 3079 familiarum
463 3036 543 3078 usus
564 3035 630 3078 non
652 3034 726 3077 raro
748 3012 791 3075 ad
812 3035 928 3077 versus
950 3009 1142 3076 scribendos
1163 3030 1238 3072 eum

97 3117 332 3204 compellebat,
349 3123 386 3178 ut
404 3115 583 3180 oblectaret
599 3137 709 3180 earum
730 3123 875 3197 coetum,
892 3121 929 3177 ut
949 3112 1071 3177 fractas
1087 3119 1120 3175 et
1134 3118 1237 3174 morte
1294 3115 1296 3118 ’
1319 3112 1326 3117 ’

97 3218 331 3303 carialicujus
352 3217 468 3302 capitis
495 3217 663 3303 perculsas
691 3216 932 3299 consolaretur3
960 3235 1067 3300 neque
1094 3233 1238 3298 unquam

98 3323 188 3404 fere,
214 3341 314 3406 quum
335 3317 432 3382 Musa
455 3317 600 3404 benigna
620 3319 651 3382 ei
673 3325 776 3399 esset,
806 3316 921 3379 amicis
950 3337 1083 3379 carmen
1103 3334 1238 3401 precan-

97 3422 191 3486 tibus
214 3421 335 3484 deerat.
382 3421 486 3505 Saepe
514 3418 557 3483 ad
583 3428 737 3506 parentes
760 3427 792 3483 et
817 3427 989 3503 cognatos,
1020 3418 1077 3505 qui
1104 3417 1140 3479 in
1160 3415 1238 3478 Hel·
1282 3468 1285 3471 ,

99 3524 188 3587 satia
218 3521 392 3604 vivebant,
430 3521 575 3609 carmina
609 3519 839 3602 convertebat,
870 3528 1010 3604 suntque
1042 3519 1128 3580 inter
1158 3514 1240 3579 haee

99 3621 207 3687 multa
227 3622 363 3704 eximia,
386 3621 496 3686 indole
518 3644 595 3687 vere
615 3623 746 3707 poetica
765 3620 960 3704 conscripta.

189 3722 224 3786 Si
253 3744 413 3787 summam
442 3724 526 3787 hanc
558 3723 678 3788 virium
714 3721 972 3799 contentionem,
1009 3732 1075 3802 qua
1105 3734 1239 3777 munere

99 3823 304 3908 fungebatur
323 3825 492 3911 literisque
513 3847 548 3888 se
571 3821 731 3903 vovebat,
756 3820 1029 3905 contemplantes,
1057 3816 1168 3877 animo
1192 3822 1239 3877 at·

101 3945 185 4031 que
204 3924 403 4039 cogitatione
436 3923 696 4010 complectimur,
736 3942 825 4002 eum,
854 3926 984 4005 praeter
1017 3914 1214 3978 lectiones
1204 3935 1241 3976 m

100 4010 277 4110 gymnasio
299 4025 522 4090 habendast
490 4032 522 4089 et
541 4025 635 4090 varia
654 4022 798 4087 muneris
821 4018 948 4099 efficia,
971 4015 1165 4103 permultos
1184 4036 1240 4078 an·

100 4147 165 4188 nos
187 4125 298 4211 plures
318 4125 466 4210 quotidie
488 4123 562 4191 1661
538 4133 645 4191 trenes
672 4125 821 4210 privatas
843 4118 974 4182 dedisse
996 4117 1107 4203 pueris
1135 4123 1168 4178 et
1198 4114 1240 4178 si-

99 4224 261 4289 multum
283 4225 443 4312 publicis,
465 4234 534 4289 tum
560 4226 700 4312 privatis
728 4222 851 4287 civium
872 4220 1114 4302 amicorumque
1143 4215 1241 4279 coeti·

98 4327 166 4391 bus
188 4326 395 4391 interfuisse:
424 4327 536 4390 mirari
558 4326 748 4411 nequimus,
778 4322 866 4408 quod
891 4339 1028 4405 magnas
1056 4316 1115 4379 has
1141 4314 1242 4379 animi

98 4427 316 4512 corporisque
344 4428 597 4492 exercitationes
624 4433 739 4510 postea
770 4425 920 4487 insecuta
951 4428 1002 4485 est
1028 4418 1177 4482 remissio
1203 4437 1242 4479 ac

986 4540 1004 4582 0
1016 4517 1034 4555 a
