2884 5184
250 409 293 502 4·
442 490 450 500 .
565 380 846 487 ἶιεὀιὼιοιιιιιε
869 416 1070 465 nflcmus.

264 571 291 600 ⁸
305 592 329 603 ''
348 570 518 663 aab?
543 570 917 670 Ἀίσόνίείηςκατερήτνεν·
940 587 978 650 έν
998 587 1037 651 δὲ
1057 589 1110 650 καλ
1128 580 1266 669 Ὀρφεὺς,

380 696 450 774 λαιῇ
470 681 668 770 ἀνασχόμενος
691 690 832 772 κίθαριν,
852 689 1029 769 πείραζεν
1051 684 1164 770 ἀοιδῆς.

253 795 368 856 Omnes
397 794 518 854 codices
547 794 662 853 habent
692 780 738 851 dv
767 786 805 849 δέ
834 786 886 848 καὶ
909 781 1048 872 Ὀρφεὺς,
1078 793 1160 873 quod
1187 812 1206 850 a
1232 790 1384 854 Brunckic

252 907 401 958 mutatum
422 905 478 957 est.
523 894 587 956 Sed
608 893 691 976 quod
718 893 769 952 hic
794 891 951 953 substituit
977 888 1010 952 έν
1037 903 1097 953 etc.
1118 894 1173 952 vix
1199 894 1292 953 aliam
1318 913 1385 952 sen·
1424 962 1425 975 2

252 1000 380 1060 tentiam
401 997 577 1078 praebebit,
609 1016 701 1076 quam
722 994 803 1055 inter
825 986 945 1054 ceteros
968 993 1095 1075 Orphea
1121 1015 1243 1076 quoque
1268 1004 1388 1053 cantum
1424 980 1425 985 ί

253 1101 416 1179 incepisse.
460 1099 577 1160 Verum
592 1098 643 1157 isti
662 1097 758 1157 ceteri
774 1115 837 1154 non
856 1106 969 1156 canunt
989 1096 1046 1157 sed
1061 1096 1267 1156 tantummodo
1286 1097 1387 1153 rixan-
1424 1140 1425 1187 ρ

252 1209 300 1260 tes
320 1200 449 1260 ldmona
470 1209 501 1260 ct
520 1200 609 1260 Idam
631 1205 843 1277 compescunt,
866 1204 1047 1277 antequam,
1069 1198 1152 1278 qnod
1173 1198 1284 1256 facturi
1303 1195 1387 1254 vidc-
1424 1202 1425 1239 ί

253 1302 378 1374 bantur,
408 1321 516 1361 manus
544 1307 751 1360 consererent.
796 1297 861 1357 Sed
887 1298 968 1357 hanc
994 1299 1094 1358 rixam
1115 1300 1170 1357 vix
1197 1299 1288 1358 aliter
1310 1318 1387 1356 com·
1424 1330 1425 1425 ρ

253 1423 369 1481 ponere
390 1410 548 1482 poterant,
572 1420 663 1481 quam
685 1409 847 1477 surgentes
871 1399 910 1459 dc
927 1401 1044 1473 littere,
1066 1401 1099 1458 in
1118 1420 1177 1480 quc
1201 1400 1290 1459 strati
1309 1400 1387 1458 iacc-
1424 1438 1425 1475 ,

252 1503 337 1563 bant.
381 1504 464 1562 Hinc
486 1503 560 1562 mihi
581 1501 767 1564 servandum
787 1500 909 1560 videtur
935 1500 1013 1560 illud
1036 1489 1076 1560 dv
1096 1503 1117 1561 i.
1139 1521 1167 1560 e.
1186 1490 1314 1576 όνέστη,
1337 1500 1388 1560 sed
1424 1518 1425 1597 ρ

252 1613 317 1664 tum
328 1625 383 1684 pro
395 1603 530 1683 πείραζεν
543 1593 647 1681 ἆοιὸῆς
660 1602 854 1663 scribendum
869 1612 916 1662 est
934 1601 995 1660 πεί
1000 1599 1083 1680 ραζέ
1101 1594 1128 1662 τ’
1143 1590 1257 1678 detdic.
1280 1602 1388 1681 Neque
1424 1608 1425 1645 l

254 1723 430 1784 quenquam
450 1724 575 1764 movere
597 1703 705 1777 debet,
729 1702 812 1782 qnod
831 1693 871 1762 dv
890 1704 936 1763 sic
956 1702 1039 1765 nude
1056 1725 1112 1783 prc
1129 1692 1237 1780 σἰνέστη
1250 1712 1387 1782 ponatur,
1424 1690 1425 1695 ἵ

254 1824 439 1884 quamquam
459 1805 587 1865 verbum
607 1793 771 1881 ἀναστῆναι
785 1824 847 1863 non
865 1804 1039 1883 praecedit,
1059 1826 1127 1865 cum
1142 1806 1271 1866 verbum
1286 1805 1347 1864 hoc
1362 1806 1388 1862 in

255 1903 507 1965 antecedentibus
528 1926 590 1966 non
608 1904 725 1985 liquide
748 1925 928 1984 expressum
948 1907 1123 1967 necessario
1140 1914 1244 1967 tamen
1261 1904 1389 1981 intelligi

255 2005 377 2066 debeat.

689 2107 759 2167 Lib.
782 2107 808 2166 Ι.
831 2128 861 2166 v.
885 2105 957 2167 523.

767 2200 850 2286 όφαρ
872 2198 901 2268 δ’
924 2198 1075 2289 ὀρόθυνεν
1095 2205 1228 2285 ἑταίρους

340 2308 513 2391 βαινέμεναί
528 2303 557 2368 τ’
580 2306 627 2369 ἐπί
649 2309 708 2387 νῆα
729 2306 780 2368 καί
802 2299 1058 2390 ἆρτννέεσθαι
1079 2300 1193 2389 ἐρετμά.

254 2413 357 2472 Etiam
370 2413 448 2471 hacc
466 2412 558 2471 lectio
571 2431 590 2470 a
604 2410 760 2470 Brunckio
774 2411 914 2490 profecta
932 2417 994 2482 est,
1015 2430 1055 2469 ex
1071 2431 1133 2469 unc
1149 2409 1256 2469 codice
1272 2410 1389 2468 hausta.

255 2512 392 2590 Vulgata
412 2513 470 2570 tuit
495 2503 693 2591 ἆρτόνασθαι.
731 2512 826 2571 Nulla
853 2531 927 2571 vcro
951 2529 1061 2570 caussa
1082 2509 1170 2569 reddi
1191 2519 1312 2590 potest,
1342 2531 1389 2569 cur

256 2613 384 2691 scriptor
404 2620 543 2691 tempera
561 2613 683 2672 variare
704 2612 846 2671 voluerit.
889 2611 998 2673 Scribe
1021 2614 1126 2693 itaque
1154 2603 1390 2690 ἆρτόνεσθαι.

689 2713 759 2773 Lib.
781 2714 807 2773 Ι.
830 2734 860 2771 v.
884 2712 956 2773 533.

382 2810 480 2899 μέσσῳ
502 2802 531 2874 δ’
551 2804 704 2892 Ἀγκαῖος,
726 2811 802 2894 μέγα
822 2835 852 2873 τε
873 2810 981 2884 σθένος
996 2804 1163 2892 Ἡρακλῆος

381 2913 497 2987 ἵζανον·
521 2907 589 2996 ἄγχι
611 2912 645 2975 δέ
663 2915 695 2976 οί
712 2912 844 2996 ῥόπαλον
862 2912 947 2990 θέτο,
970 2915 1023 2975 καί
1042 2913 1074 2974 οί
1092 2912 1196 2995 ἔνερθε
1421 2832 1424 3023 1

383 3014 491 3078 ποσσίν
510 3008 733 3093 ὑπεκλύσθη
755 3006 825 3094 νηός
845 3008 957 3096 τρόπις.

256 3119 334 3176 Miro
354 3137 427 3176 casu
450 3116 576 3189 accidit,
599 3125 632 3174 ut
655 3117 737 3196 quod
758 3117 876 3176 scholia
898 3116 1040 3176 Parisina
1060 3118 1092 3175 in
1112 3116 1171 3178 hcc
1189 3137 1284 3177 versu
1305 3136 1386 3197 prae-

255 3217 346 3289 bent,
372 3207 601 3297 όπεκλόσθη
628 3217 708 3276 inter
731 3218 995 3298 interpretandum
1016 3215 1090 3276 mihi
1113 3238 1236 3298 quoque
1256 3220 1290 3276 in
1311 3238 1385 3278 meu·
1420 3260 1421 3281 ι

255 3327 318 3375 tem
334 3316 465 3375 veniret.
503 3314 693 3393 Gerhardius
712 3317 838 3398 quidem
855 3339 927 3398 pag.
948 3314 997 3375 21.
1017 3318 1107 3377 huius
1125 3318 1270 3379 lectionis
1289 3330 1385 3400 patre·
1420 3376 1421 3403 ρ

258 3418 370 3477 ciuium
393 3436 568 3501 quenquam
583 3419 741 3498 suscipere
756 3418 839 3478 velle
854 3419 936 3479 haud
951 3429 1085 3480 veretur.
1114 3420 1228 3481 Verum
1244 3431 1279 3481 ut
1297 3422 1387 3481 libere
1420 3406 1421 3475 l

257 3517 331 3598 quid
351 3519 481 3578 sentiam
497 3520 642 3600 profitear
660 3510 837 3596 ὑπεκλύσθη
858 3520 932 3593 mihi
944 3522 1087 3600 jejunum
1104 3522 1242 3597 videtur,
1261 3544 1304 3582 ne
1323 3518 1388 3604 quid

257 3621 397 3680 acerbius
414 3619 521 3695 dicam,
541 3610 718 3699 ὑπεκλόσθη
733 3641 808 3680 vero
826 3622 916 3681 unice
934 3622 1003 3682 loco
1021 3625 1197 3684 convenire.
1218 3615 1388 3695 ὑπεκλύσθη
1418 3606 1421 3706 l

258 3722 338 3783 enim
361 3723 414 3781 vix
439 3722 523 3782 aliud
549 3722 624 3803 quid
648 3723 824 3802 significare
842 3732 958 3802 potest,
993 3746 1085 3805 quam
1106 3726 1215 3785 fluctus
1234 3724 1387 3805 paululum
1418 3734 1419 3739 ’

257 3822 383 3883 alluisse
404 3823 554 3898 carinam,
578 3825 660 3906 quod
682 3845 739 3906 per
761 3845 796 3885 sc
814 3845 935 3904 semper
954 3825 1002 3899 fit,
1025 3827 1269 3908 necquicquam
1284 3828 1320 3885 in
1337 3826 1386 3883 hac

256 3944 333 3983 voce
358 3925 456 3998 inest,
489 3925 572 4005 quod
596 3926 689 3987 robur
720 3934 751 3985 et
780 3926 927 3987 immanes
953 3928 1036 3987 vires
1055 3927 1199 3988 Herculis
1221 3937 1253 3988 ct
1273 3924 1387 3986 Ancaei

258 4025 419 4104 exprimat.
460 4026 568 4105 Longe
587 4047 662 4086 vero
687 4026 749 4086 alia
766 4046 817 4086 res
836 4037 897 4101 est,
919 4029 945 4088 si
964 4017 1142 4106 ὑπεκλόσθη
1161 4029 1310 4108 legimus3
1332 4038 1385 4086 tun
1417 4036 1418 4039 ’

258 4124 339 4181 enim
361 4124 549 4201 significatur
571 4128 694 4187 incessu
714 4127 825 4187 horum
846 4129 975 4189 heroum
996 4130 1054 4203 ibi,
1077 4130 1131 4190 ubi
1147 4130 1280 4210 pedibus
1296 4126 1385 4190 innixi

259 4223 386 4296 fuerint,
420 4227 554 4285 carinam
583 4230 672 4307 quasi
698 4229 839 4288 nonnihil
865 4230 995 4290 fractam
1018 4241 1049 4292 et
1071 4232 1209 4292 collisam
1227 4231 1381 4311 strepitum

260 4320 407 4396 edidisse,
437 4346 496 4404 quo
524 4326 598 4406 quid
624 4330 722 4408 majus
747 4332 925 4408 excogitare
950 4342 1053 4414 potest
1075 4333 1115 4392 ad
1139 4334 1222 4393 vires
1246 4330 1384 4412 corporis,

258 4421 368 4500 quibus
388 4424 420 4480 hi
439 4425 550 4483 heroes
572 4425 764 4502 gaudebant,
786 4430 895 4491 lectori
916 4434 954 4493 ob
977 4435 1082 4494 oculos
1101 4433 1272 4514 ponendas.
