2884 5184
549 467 755 517 nnnrcnrlo.
1175 474 1213 520 xl

71 647 106 702 et
128 637 289 723 denique,
312 645 349 701 ut
366 638 455 701 omni
474 660 517 702 ex
530 646 623 726 parte
645 638 792 725 perfecta
814 646 901 704 esset
922 629 1070 706 defuncti
1091 644 1210 728 imago,

70 755 254 820 identidem
277 756 400 842 scripta
424 778 497 820 mea
515 756 733 843 perlustrasti.
780 757 900 843 Adjeci
919 757 1019 822 Vitae
1043 782 1211 826 enumera-

62 874 195 938 tionem
216 874 413 959 scriptorum
432 874 546 939 Patrui
569 898 611 940 ex
630 858 790 940 annorum
808 857 924 941 ordine
945 877 1147 964 dispositam.

158 991 297 1057 Librum
319 1001 428 1057 autem
450 993 602 1059 manibus
618 994 706 1058 Tuis
728 994 879 1078 tradens,
898 1017 968 1060 >non
988 1019 1123 1083 possum
1146 1022 1212 1065 non

72 1120 167 1197 grato
189 1113 297 1176 animo
319 1112 483 1177 recordari
505 1113 650 1177 virorum
679 1112 811 1177 illorum
834 1115 1045 1198 eximiorum,
1074 1140 1211 1204 quorum

72 1239 110 1295 ut
128 1231 275 1297 amicitia
296 1239 329 1295 et
347 1231 512 1318 praesidio
533 1233 568 1296 in
590 1231 742 1296 omnibus
765 1232 864 1297 rebus
886 1233 986 1316 meis,
1006 1234 1054 1299 ita
1074 1237 1211 1302 consilio

65 1358 104 1426 et
126 1349 321 1414 auctoritate
344 1350 380 1413 in
400 1349 462 1415 hoc
485 1372 582 1438 opere
605 1350 775 1416 condendo
794 1374 866 1416 sum
885 1331 1032 1437 gavisus.
1065 1354 1212 1420 Fride-

68 1470 155 1534 rici
177 1467 310 1532 Graes
315 1469 365 1551 ii,
388 1472 492 1556 erepti
514 1468 614 1534 eheu!
637 1468 734 1534 nobis
755 1477 788 1534 et
815 1467 921 1533 literis
945 1473 1067 1536 nostris
1089 1471 1212 1537 abhinc

69 1586 259 1669 biennium,
286 1587 361 1671 quis
391 1586 579 1671 „desiderio
608 1589 651 1652 sit
673 1568 783 1676 pudor
809 1588 1027 1672 aut-modus,
1052 1597 1120 1653 tam
1142 1593 1214 1656 cari

68 1702 240 1791 eapitis?“
259 1703 300 1767 In
321 1727 385 1792 quo
405 1726 503 1791 quam
515 1705 663 1791 ¹feliciter
679 1707 817 1792 junctae
838 1706 961 1771 fuerint
971 1707 1097 1791 ingenii
1112 1708 1212 1791 acies,

62 1824 186 1909 judicii
214 1821 379 1908 elegantia
411 1847 485 1889 cum
518 1823 678 1911 singulari
707 1825 911 1890 humanitate
944 1847 1057 1890 omnes
1090 1828 1210 1912 sciunt,

69 1943 225 2029 quicum
244 1951 413 2007 noverant.
458 1942 503 2007 Et
522 1942 777 2008 Theodorum
806 1938 1088 2032 Freytagium,
1113 1944 1209 2009 disci-

66 2061 184 2147 pulum
206 2059 300 2143 olim,
323 2081 401 2124 mox
422 2062 563 2126 amicum
584 2061 718 2143 Patrui,
741 2063 879 2128 multum
898 2086 949 2128 me
965 2065 1001 2128 in
1023 2085 1121 2150 opere
1138 2086 1212 2128 meo

69 2179 242 2266 adjuvisse
274 2178 360 2244 laete
385 2178 501 2243 fateor.
544 2178 681 2243 Utinam
712 2180 785 2243 viro
815 2177 879 2262 illi,
915 2178 955 2244 de
987 2180 1093 2244 literis
1124 2182 1212 2267 apud

67 2322 128 2364 nos
161 2274 387 2380 meritissimo,
420 2319 518 2383 quem
547 2298 660 2383 gravis
689 2297 823 2361 morbus
849 2299 885 2361 in
914 2296 1056 2383 patriam
1089 2301 1213 2363 reverti

67 2420 194 2503 coegit,
222 2416 292 2481 fata
311 2416 457 2501 benigna
479 2415 664 2503 adspirent!
709 2416 843 2480 Gratias
865 2437 944 2480 vero
965 2415 1126 2479 maximas
1149 2437 1213 2502 ago

67 2539 150 2602 Viro
171 2536 334 2623 Egregie,
357 2533 576 2618 Doctissimo,
605 2535 816 2600 Ludovico
838 2533 885 2598 de
909 2533 1057 2599 Sinner
1078 2542 1212 2622 propter

70 2653 272 2740 singularem
294 2653 549 2739 humanitatem,
573 2677 638 2742 qua
659 2678 727 2719 non
746 2661 874 2719 tanturn
899 2675 959 2740 per
983 2651 1096 2717 literas
1118 2675 1211 2717 suam

68 2773 110 2838 de
133 2771 270 2839 edendis
294 2771 410 2837 Patrui
430 2771 607 2859 Opusculis
631 2775 827 2838 sententiam
846 2794 975 2836 mecum
994 2774 1211 2837 communica-

68 2893 135 2975 vit,
166 2900 291 2956 certam
321 2892 361 2957 de
395 2893 499 2959 variis
532 2891 604 2977 ejus
638 2890 757 2954 studiis
786 2891 938 2954 notitiam
962 2888 1043 2951 mihi
1072 2891 1213 2974 paravit,

66 3031 183 3077 verum
210 3010 310 3074 etiam
337 3012 501 3098 integram
528 3017 808 3098 programmatum
837 3006 909 3092 ejus
941 3006 1075 3089 seriem,
1102 3006 1211 3092 qualis

65 3131 127 3196 vix
150 3128 209 3193 alii
230 3127 290 3193 ulli
308 3137 375 3212 est,
398 3139 431 3194 et
452 3129 608 3215 epistolas
630 3149 650 3191 a
675 3127 798 3190 Patruo
821 3123 886 3188 sibi
911 3122 1021 3206 datas,
1045 3145 1118 3188 meo
1138 3126 1213 3189 usui

67 3246 300 3314 liberalissime
323 3249 495 3313 commisit.
539 3248 693 3334 Denique
712 3246 820 3333 pietas
839 3265 892 3308 me
918 3241 1074 3330 impellit,
1102 3250 1139 3308 ut
1162 3266 1210 3308 se-

64 3369 119 3433 nis
143 3366 366 3450 meritissimi,
393 3365 623 3432 Christiani
649 3363 801 3429 Beckii
828 3363 1018 3426 memoriam
1046 3383 1211 3445 revocem,

64 3486 124 3575 qui
147 3486 299 3573 proxima
320 3493 445 3550 aestate
466 3483 731 3571 Helsingforsiae
755 3478 984 3553 ‚familiaritate
1010 3487 1043 3543 et
1064 3482 1211 3545 amicitia

66 3630 129 3674 sua
155 3626 207 3668 me
229 3602 404 3689 dignatus,
434 3626 535 3690 quum
563 3603 678 3666 Patrui
702 3601 829 3665 amicus
855 3597 991 3678 fuisset,
1020 3599 1164 3680 ingenue
1191 3620 1211 3661 a

63 3749 117 3792 me
141 3724 385 3811 impetraverit,
405 3730 442 3786 ut
454 3721 565 3785 Vitam
587 3715 698 3781 Caroli
716 3715 837 3779 Struve
860 3736 880 3777 a
900 3736 952 3777 me
975 3715 1129 3799 scriptam
1143 3712 1207 3777 sibi

63 3845 249 3910 recitarem.
293 3838 399 3904 Multa
420 3838 476 3903 ille
498 3847 567 3902 tum
589 3834 725 3920 egregia
747 3855 790 3896 ex
816 3830 924 3918 amplo
952 3853 1011 3895 suo
1036 3831 1205 3896 doctrinae

63 3971 98 4028 et
132 3959 357 4048 experientiae
390 3958 546 4023 thesauro
575 3952 656 4018 mihi
684 3949 839 4033 tradidit,
871 3971 955 4037 quae
977 3953 1076 4035 'grato
1101 3950 1210 4013 animo

63 4077 227 4161 servabo,
256 4099 324 4142 non
356 4077 513 4162 exiguum
543 4074 710 4138 Fortunae
742 4090 861 4133 munus
893 4068 929 4132 id
961 4069 1043 4133 mihi
1074 4069 1211 4151 ducens,

63 4197 156 4285 quod
177 4197 331 4283 excipere
354 4193 460 4260 verba
481 4191 661 4259 venerandi
684 4190 790 4271 senis,
822 4209 919 4273 quem
946 4186 1081 4271 vigente
1103 4186 1212 4249 animo
1274 4218 1276 4223 ·

63 4314 215 4409 corporis
238 4315 328 4379 vires
345 4314 417 4399 jam
444 4312 660 4393 deficiebant,
688 4310 776 4372 inter
801 4327 924 4394 paucos
953 4304 1035 4369 mihi
1063 4305 1213 4390 contigit.

64 4434 189 4498 Paucis
207 4432 329 4497 abhinc
350 4430 520 4496 mensibus
544 4428 661 4494 invida
680 4448 770 4492 mors
789 4425 882 4490 illum
901 4425 1009 4490 virum
1029 4422 1125 4489 nobis
1148 4445 1216 4488 sur-

60 4552 170 4644 ripuit
199 4572 274 4616 eum
298 4572 418 4639 magno
444 4571 510 4617 non
530 4556 657 4615 tantum
679 4568 814 4614 suorum
836 4543 943 4629 luctu,
976 4541 1034 4607 sed
1063 4544 1218 4622 omnium,
