2884 5184
390 479 505 528 upon
526 481 821 536 occursurum
1119 487 1178 547 145

42 651 98 710 dem
117 652 370 731 interpunctione
391 662 509 714 mutata
531 657 616 736 prius
637 653 700 717 ἐπεὶ
719 679 842 738 quoquo
863 665 1071 740 servavimus,
1092 672 1175 750 quod

40 752 230 830 plurimorum
250 756 372 813 testium
395 775 573 830 consensus,
595 759 688 817 etiam
699 758 812 817 Latina
834 759 1046 842 interpretatio
1068 770 1099 828 in
1123 792 1173 831 co·

39 852 92 910 dice
112 862 227 912 nostro
252 863 363 915 tuetur.
409 855 501 933 Quod
535 859 562 916 si
590 859 658 937 quis
687 876 778 930 vero,
808 862 952 938 quoniam
979 867 1011 925 in
1042 867 1172 934 Graecis

37 956 90 1013 cod.
114 956 199 1033 Reg.
233 965 262 1015 et
281 958 313 1015 in
334 958 448 1016 Latina
470 958 612 1017 versione
641 958 738 1035 ipsius
766 958 921 1021 Lactantii
946 975 977 1024 et
1005 967 1172 1046 Augustini

36 1056 116 1130 deest,
137 1055 225 1115 illud
240 1058 373 1135 eJectum
391 1058 486 1130 malit,
509 1076 569 1116 non
590 1055 779 1134 refragabor,
796 1061 824 1121 si
845 1065 943 1142 major
962 1067 1169 1147 interpunctio

36 1167 90 1235 post
108 1158 200 1237 prius
224 1147 371 1234 αἰσθητὸν
390 1165 530 1236 ponatur.

343 1326 414 1380 Lm.
436 1321 492 1381 IV.
517 1340 588 1383 css.
612 1322 642 1381 7.
665 1322 696 1400 5.
723 1327 797 1385 1-
813 1328 842 1390 3.

103 1461 264 1531 ,Jortccsc
285 1467 405 1531 quaerat
423 1462 524 1534 aliquas
541 1462 594 1519 Ιιου
616 1465 687 1535 loco,
702 1469 765 1538 quic
784 1470 819 1523 sit
838 1471 889 1526 αὀοο
907 1478 963 1528 tom
977 1480 1087 1547 potens,
1110 1484 1166 1534 tom

36 1562 70 1617 teo
89 1576 192 1626 corus,
215 1566 243 1614 ct
261 1560 336 1631 quod
355 1576 454 1618 nomen
479 1561 596 1627 samaa·
620 1567 705 1637 cujus
727 1570 823 1639 prima
849 1574 976 1629 ncts‘citoc
1002 1591 1058 1631 non
1084 1579 1163 1636 modo

36 1662 196 1715 satcccsccrit
210 1660 358 1731 mundum,
377 1676 473 1719 verum
493 1665 575 1719 etiam
598 1666 749 1736 prudencia
772 1670 953 1746 dispensent,
977 1678 1076 1732 or'rtutc
1096 1694 1163 1734 con·

36 1763 148 1815 miserit
185 1756 288 1837 (virtus
314 1766 505 1819 constmcxerit
534 1764 704 1825 rectissime
738 1766 806 1827 cod.
840 1768 919 1850 Reg.
958 1773 1041 1855 quod
1075 1777 1161 1837 Heu·

36 1878 138 1920 rannus
160 1858 335 1920 divinando
362 1861 560 1941 conjecerat).
604 1866 731 1925 Primum
752 1874 825 1929 scire
846 1890 898 1932 noc
917 1882 1043 1936 convenit
1061 1897 1161 1939 nomen

36 1963 78 2031 rjus
94 1980 129 2020 nc
150 1966 264 2038 ccccm
286 1965 394 2036 quidem
414 1973 507 2058 notum
527 1981 604 2037 esse,
628 1971 677 2042 qui
692 1980 838 2032 morantur
859 1979 888 2032 in
915 1982 1005 2044 coelo,·
1032 1983 1084 2039 aed
1108 1986 1164 2057 ipsi

36 2064 68 2118 οοΒ
88 2081 120 2121 cc
146 2066 200 2123 dcc
233 2061 264 2141 (a
294 2065 344 2122 deo
371 2083 397 2122 c.
422 2062 474 2141 R.)
500 2070 587 2139 putri.
631 2085 684 2127 nec
708 2079 774 2130 autc
795 2074 826 2129 id
841 2078 1036 2151 moluntur,
1063 2090 1095 2139 ut
1118 2091 1161 2141 cst

36 2168 113 2221 unct
133 2168 226 2223 literas
253 2168 399 2235 traditum,
429 2186 513 2241 quam
540 2171 679 2243 (imposito
704 2174 750 2229 dei
772 2174 862 2244 faerit
887 2180 1008 2250 impletu.
1051 2181 1159 2237 Deinde

36 2280 70 2320 υο
84 2270 228 2324 montom·
250 2283 336 2341 posse
357 2268 473 2326 hominm
500 2285 565 2332 ora·
590 2275 662 2329 sicut
680 2272 801 2330 Hermes
828 2277 918 2345 docet,
950 2279 1020 2335 tace
1047 2282 1158 2337 diceris

36 2361 92 2422 οὐά
111 2361 143 2425 δὲ
161 2358 275 2427 τούτου
295 2368 349 2426 τοῦ
371 2358 502 2427 αἰτίου
486 2390 507 2446 η
527 2370 580 2428 τοῦ
601 2368 688 2429 θείου
710 2361 831 2450 ἀγαθοῦ
859 2366 1064 2453 βουληοις,
1042 2400 1063 2456 η
1082 2368 1160 2438 θεον
1260 2455 1262 2460 Ι

36 2458 209 2546 οροήνεγκεν,
233 2456 271 2527 οὗ
293 2460 326 2529 τὸ
347 2459 442 2545 ὄνομα
463 2453 500 2529 od
521 2463 647 2532 δύναται
672 2460 859 2589 ἀνθρωπίνῳ
880 2467 1002 2553 στόματι
1023 2478 1155 2556 λαληθῆ-

36 2587 67 2627 ναι
85 2581 108 2627 ct
119 2574 223 2644 paullo
239 2581 306 2645 post
326 2574 365 2629 cd
382 2575 484 2645 filium.-
513 2569 574 2633 ἔστι
597 2594 655 2650 τις,
682 2558 706 2634 ci
734 2573 853 2654 τέκνον,
879 2568 1044 2660 ἆυόρῤητος
1068 2571 1155 2660 λόγος

36 2661 165 2746 οοφίας,”
148 2687 234 2743 οσιος
254 2659 373 2750 περὶ
345 2690 397 2730 τον
422 2663 517 2748 μόνον
542 2666 648 2756 κύριον
673 2668 797 2738 πάντων
824 2677 876 2739 καὶ
899 2680 1154 2764 υροεανοουμένου

36 2763 167 2850 ιαρίου·“
151 2794 192 2833 ον
214 2770 306 2833 εἰπεῖν
325 2764 399 2853 ὑπὲρ
417 2765 584 2854 ἄνθρωπόν
604 2772 694 2836 ἔστα(ς

93 2875 275 2956 Fragmenti
294 2874 386 2955 hujus
407 2876 577 2939 Hermetici
601 2899 726 2958 prorsus
751 2901 814 2940 non
835 2885 972 2943 meminit
992 2884 1153 2945 Fabricius

36 2976 260 3039 ubibiiotheca
286 2974 417 3037 Graeca.
463 2975 609 3058 Suspicor
637 2987 741 3040 tamen
768 3001 787 3039 a
812 2982 947 3041 Patricio
975 2982 1053 3041 libro
1074 2985 1150 3043 XX.

36 3074 198 3159 adscriptum
219 3080 329 3152 fuisse,
348 3079 452 3160 ibique
474 3077 645 3157 fragmento
668 3080 798 3159 septimo
820 3082 852 3139 in
877 3080 938 3141 fine
961 3081 1149 3145 adhaesisse.

36 3174 228 3257 Fragmentum
251 3182 331 3241 enim
351 3181 410 3239 hoc
429 3182 591 3259 septimum
614 3181 784 3242 desumtum
813 3191 860 3242 est
886 3201 926 3242 ex
954 3181 1040 3243 Stob.
1068 3184 1148 3244 flori·

36 3273 76 3355 leg.
102 3302 193 3342 serm.
227 3280 278 3341 78.
303 3301 373 3361 pag.
400 3278 472 3341 466.
524 3283 648 3343 Partem
676 3284 742 3361 ejus
772 3284 867 3345 citant
887 3304 1010 3367 quoque
1032 3285 1148 3347 Justin.

36 3375 135 3460 iiartyr.
152 3384 313 3444 Paraenes
331 3382 371 3441 ad
389 3381 499 3444 Graec.
515 3402 586 3462 pag.
601 3381 651 3442 37.
669 3382 778 3463 Oyrill.
800 3385 854 3446 lib.
869 3386 895 3445 Ι.
918 3396 1014 3448 contr.
1030 3386 1149 3449 Julian.

36 3480 140 3554 ngat.
188 3484 361 3564 Cyprianus
383 3484 421 3543 de
442 3483 550 3544 idolor.
573 3487 668 3544 vonit,
688 3496 719 3547 et
740 3488 812 3548 hinc
831 3489 1022 3566 Augustinus
1044 3497 1150 3548 contra

36 3574 122 3642 Donat.
136 3585 193 3645 lib.
217 3584 246 3644 6.
270 3586 358 3645 'Pom
380 3588 409 3644 7.
430 3604 502 3665 pag.
532 3587 582 3645 74.
629 3585 692 3654 Sed
710 3589 838 3669 reliquis
857 3590 978 3667 plenior
1002 3596 1049 3645 est
1078 3587 1146 3646 Sto·

36 3673 120 3757 bacas,
139 3696 177 3746 ut
199 3686 341 3747 diximus.
385 3687 482 3767 Atqui
502 3688 620 3761 verbis,
643 3708 723 3768 quae
747 3687 899 3748 Stobaeus
919 3688 1063 3760 servavit,
1086 3697 1146 3747 sta·

36 3776 70 3837 tim
91 3784 121 3844 in
144 3787 329 3849 collectione
355 3795 459 3848 nostra
493 3788 733 3866 fragmentorum
763 3789 1025 3860 Hemeticom,
1060 3789 1148 3865 cujus

36 3894 103 3958 supra
125 3889 311 3951 mentionem
341 3891 484 3963 fecimus,
515 3890 593 3949 haec
621 3890 732 3963 verba,
761 3890 846 3949 nullo
877 3889 1029 3960 auctoris,
1048 3886 1146 3946 «uude

36 3974 119 4045 htutta
136 3992 214 4064 sint,
232 3992 355 4051 nomine
372 3991 557 4071 praemisso,
574 3998 792 4051 annectuntur:
816 3988 876 4050 ἔστι
897 3982 955 4068 γάρ
973 4011 1026 4065 τις,
1044 4010 1067 4047 ω
1055 3975 1146 4046 τὲν·

36 4097 83 4156 νῦν,
107 4076 275 4170 ἆυορῤήτου
307 4082 392 4170 λόγος
416 4089 524 4167 σοφίας
554 4085 676 4149 πάντων
702 4088 754 4150 καὶ
776 4088 998 4170 προνοουμένου
1025 4086 1145 4167 κυρίου

36 4194 62 4236 ⁰2¹
74 4183 153 4249 εἰπεῖν
173 4182 249 4271 ὑπὲρ
269 4186 435 4272 ἄνθρωπόν
455 4187 551 4251 ἔστιν
571 4188 650 4249 αἰτία
672 4187 704 4251 di
725 4184 845 4266 τούτου,
867 4214 887 4270 η
905 4211 956 4249 του
944 4176 1089 4248 Ssioo’
1071 4207 1145 4265 ayc-

36 4279 79 4339 θῡῦ
95 4281 286 4367 βούλησις,
266 4314 287 4370 η
307 4281 382 4353 θεὸν
395 4311 586 4372 προηνεγκεν,
598 4312 634 4351 ου
656 4283 688 4351 τὸ
709 4284 805 4369 ὄνομα
823 4312 860 4350 ου
850 4283 1004 4350 ’δύναται
1025 4277 1146 4366 ἄνθρω-

38 4376 94 4464 stup
111 4381 227 4466 οταματι
248 4393 426 4469 λαληθῆναι.
459 4392 550 4452 Unde
572 4393 724 4453 Patricius
746 4400 864 4452 textum
879 4392 922 4449 ita
942 4388 1143 4461 constituerit,

37 4486 124 4545 nescio.
167 4489 231 4551 Sed
251 4512 353 4574 neque
372 4493 542 4566 Lactantii,
568 4512 670 4573 neque
699 4493 827 4554 Patricii
849 4491 943 4552 lectio
972 4509 1048 4551 sana
1076 4508 1144 4550 esse

73 4596 199 4665 tuaeve,
228 4607 343 4651 orusc.
369 4609 438 4651 suu.
461 4611 482 4649 1.
621 4595 631 4614 ·
762 4674 769 4688 .
895 4590 934 4653 10
