2884 5184
260 441 299 501 14
590 450 773 510 qumans
796 449 1062 499 suranensis.

259 626 361 687 allatis
381 633 481 704 patet,
511 625 684 704 promiscue
705 634 836 704 utraque
858 624 1012 684 scribendi
1025 626 1111 709 'ratio
1133 626 1166 684 in
1184 624 1329 684 omnibus
1352 643 1395 682 re·

256 728 404 808 periatur.
448 725 554 804 Quare
581 746 649 785 cum
673 727 858 786 Buttmanno
883 727 1079 805 scripturam,
1109 746 1190 807 quae
1220 727 1397 805 simplexc
1428 802 1431 807 ,

258 830 407 902 ostendit,
429 849 490 887 non
512 828 610 887 solum
632 827 795 901 addubito,
822 846 928 885 verum
949 848 1076 906 prorsus
1097 828 1180 888 vitiis
1198 828 1400 888 librariorum

258 948 435 991 annumero.
469 929 581 1010 Neque
602 931 766 1010 quicquam
787 929 935 1011 praesidii
953 929 1012 988 sibi
1029 939 1137 1009 petere
1159 939 1260 1010 potest
1283 949 1305 987 a
1326 949 1398 1008 per·

257 1035 339 1093 fecto
360 1033 465 1091 activi.
497 1031 598 1091 Affert
618 1031 742 1111 quidem
756 1031 960 1092 Buttmannus
977 1028 1157 1111 νεκὲρδακα,
1179 1031 1288 1091 nescio
1303 1029 1400 1099 unde,

257 1145 289 1195 et
307 1125 514 1213 ἐβεβραδύκει,
537 1152 557 1189 a
576 1151 625 1191 me
644 1132 799 1211 quondam
820 1132 880 1213 ipsi
902 1142 1095 1210 suggestum,
1120 1136 1269 1193 electen.
1291 1136 1402 1190 οοποίν.

256 1256 280 1295 a.
305 1238 415 1311 sapsa.
437 1254 462 1293 c.
486 1231 536 1292 20.
581 1233 698 1293 Verum
718 1232 751 1293 in
772 1242 858 1294 tanta
879 1234 1035 1314 paucitate
1058 1235 1286 1314 exemplorum,
1315 1253 1400 1313 quae

257 1339 390 1398 omnium
418 1336 539 1395 omnino
567 1334 773 1414 perfectorum
800 1337 894 1395 activi
923 1346 1061 1409 exstant,
1092 1335 1152 1397 duo
1181 1345 1287 1396 tamen
1318 1336 1400 1394 haec

256 1441 333 1500 nihil
350 1440 455 1499 valent
470 1447 575 1498 contra
589 1437 736 1514 majorem
752 1436 992 1511 multitudinem,
1015 1456 1096 1518 quae
1111 1436 1226 1497 formae
1239 1437 1400 1515 regularis

256 1542 369 1604 adduci
385 1549 523 1622 possunt.
545 1535 687 1616 πίφογκοι
708 1547 740 1598 et
760 1537 907 1618 μεμίαγκοι
929 1539 1024 1599 habet
1039 1541 1105 1617 jam
1120 1540 1255 1597 Manum
1270 1542 1328 1599 Gr.
1348 1542 1398 1598 Gr.

253 1665 322 1721 ρορ.
346 1641 423 1718 218,
451 1642 529 1703 111οᾶ
551 1662 591 1701 ex
613 1641 786 1713 Dinarcho,
808 1641 867 1699 hoc
886 1661 904 1700 a
925 1641 1092 1700 Plutarcho
1115 1639 1264 1718 (ceterum
1285 1660 1398 1719 parum

257 1753 399 1805 accurate
414 1746 446 1801 in
459 1744 508 1802 his
525 1742 631 1802 formis
647 1743 852 1820 perfectorum
866 1742 904 1801 ab
919 1725 987 1802 ἶνῖο
1006 1751 1036 1802 et
1055 1725 1118 1801 v'vd
1135 1742 1398 1820 proficiscentium

42 1816 50 1832 .
154 1919 158 1925 Ι
255 1854 397 1906 versatus
425 1852 472 1905 est
497 1840 670 1920 Matthiae).
713 1843 818 1925 Atque
845 1845 890 1904 sic
910 1838 1174 1923 προςπορώξογκα.
1203 1845 1289 1902 Dion.
1316 1846 1394 1902 Cass.

256 1947 313 2019 37,
341 1943 391 2006 29.
420 1938 600 2024 οεοήμοιγνα.
628 1950 713 2004 Arist.
743 1948 777 2003 dc
804 1948 895 2003 LXX.
923 1952 1079 2021 interprete
1103 1964 1172 2020 paq.
1202 1941 1273 2002 271.
1304 1966 1332 2003 ν.
1361 1948 1395 2001 D.

257 2046 428 2126 νεχλίνγνο,
456 2042 643 2126 radicesque
670 2048 793 2122 Hcsycb.
812 2066 838 2106 s.
859 2050 888 2105 Ιι.
909 2068 935 2106 ο.
957 2066 1027 2122 pay.
1051 2043 1122 2105 242.
1166 2045 1257 2104 Adde
1283 2054 1396 2104 notata

264 2152 431 2209 Valtcnorio
453 2153 483 2207 in
509 2151 625 2207 diatriba
645 2151 680 2206 de
695 2149 851 2207 Anttobulo
867 2167 937 2223 pay.
958 2145 1015 2220 87,
1047 2148 1100 2228 qui
1121 2146 1210 2207 simul
1232 2147 1396 2216 observat,

254 2270 348 2330 puras
362 2249 535 2309 Atticorum
556 2269 663 2322 aures,
683 2257 810 2327 praeter
830 2244 987 2327 πέφογνοι,
1010 2268 1029 2306 a
1051 2249 1181 2310 caeteris
1197 2247 1396 2307 abhorruise.

256 2388 286 2425 v.
309 2365 380 2427 693.
414 2367 448 2427 οἵ
465 2366 498 2428 οῖ
514 2358 629 2449 πρόσθε
648 2367 751 2427 ποδῶν
772 2360 1050 2442 &catecuminum
1069 2355 1113 2426 δι’
1133 2366 1243 2449 αἴθρης

422 2462 522 2530 δεινὸν
542 2459 755 2546 ἆποιθόμενοι·

257 2569 309 2629 Sic
330 2570 541 2647 Tychsenius3
574 2583 668 2629 antea
696 2577 762 2626 erat
785 2557 1006 2646 άπανθομένης,
1033 2569 1116 2650 quod
1140 2590 1203 2629 non
1232 2570 1395 2649 displicet,

257 2669 398 2729 Colorem
415 2672 510 2730 traxit
530 2669 663 2748 Quintus
682 2690 721 2730 ex
744 2668 874 2728 Hesiodi
893 2668 1012 2748 Theog.
1035 2692 1065 2729 v.
1089 2669 1161 2731 688.
1184 2692 1251 2752 sqq.

340 2808 370 2846 v.
390 2785 462 2847 735.
495 2788 598 2848 malim
619 2786 865 2868 γυναιμανέεσσι,
896 2808 967 2847 nam
990 2788 1028 2848 de
1055 2789 1152 2848 forme
1178 2789 1396 2868 γνναιμανέων
1441 2815 1442 2830 ³

255 2886 347 2949 valde
370 2889 525 2949 addubito.

339 3030 370 3068 v.
393 3006 464 3067 759.
489 3007 742 3090 quemadmodum
762 3009 854 3068 etiam
872 3008 910 3081 4,
932 3006 1019 3081 400.,
1040 2999 1246 3088 προπάρονθεν
1267 3019 1392 3070 mutan·

255 3108 326 3170 dum
346 3109 468 3170 videtur
489 3113 520 3169 in
542 3102 739 3188 τοπάροιθεν,
763 3111 815 3189 qui
830 3109 965 3169 solennis
983 3119 1028 3169 est
1044 3107 1158 3186 Quinto
1172 3131 1261 3169 usus:
1288 3109 1318 3184 1,
1339 3111 1392 3170 62.
1440 3164 1441 3169 ,

255 3208 305 3269 69.
342 3208 375 3283 2,
398 3209 446 3268 13.
467 3209 539 3269 336.
563 3208 634 3268 340.
672 3209 706 3283 3,
736 3209 786 3270 80.
811 3209 882 3269 750.
914 3211 950 3284 4,
979 3210 1050 3269 314.
1085 3210 1213 3285 5,148.
1252 3210 1288 3284 8,
1316 3211 1392 3272 269.

254 3307 289 3382 9,
318 3308 390 3369 401.
421 3309 474 3383 10,
499 3307 569 3368 243.
603 3308 656 3383 11,
679 3308 751 3370 233.
786 3309 840 3387 12,
871 3310 941 3373 128.
986 3313 1097 3394 Neque
1125 3315 1225 3373 minus
1247 3311 1282 3387 8,
1315 3313 1391 3374 303.

252 3431 308 3490 pro
330 3401 392 3481 dccc
413 3402 562 3489 πάροιθεν
580 3411 651 3490 lege
674 3400 713 3483 ὃς
730 3404 975 3493 τοπάροιθεν.

252 3549 283 3588 v.
303 3529 394 3607 761.Ι
418 3517 488 3589 ἄλλ’
511 3521 547 3591 οὐ
565 3529 715 3608 Πηλείδης
736 3551 781 3591 τοι
803 3521 914 3611 ὃμοίϊος
935 3525 1176 3614 ἐξεφαάνθη,

405 3621 450 3704 ,ὃς
469 3635 520 3694 σεῦ
539 3625 641 3711 θυμὸν
660 3629 759 3693 ἔλυσα.

252 3752 344 3813 Patet
368 3752 562 3812 scribendum
582 3772 650 3812 esse
673 3744 930 3829 ἕξεφοάνθην.
974 3752 1089 3812 Similis
1110 3754 1231 3813 macula
1252 3754 1393 3813 Horatio

252 3854 474 3933 abstergenda,
495 3856 528 3915 ni
549 3854 656 3928 fallor,
676 3855 709 3913 in
727 3853 927 3913 mellitissimo
951 3855 1084 3913 carmine
1105 3854 1140 3928 3,
1161 3854 1197 3928 9,
1219 3855 1252 3914 6:

628 3954 726 4015 donec
744 3975 807 4014 non
829 3955 891 4013 alia
911 3957 1008 4032 magis

416 4056 534 4129 arsisti,
555 4076 658 4137 neque
678 4076 782 4117 eram
802 4057 905 4137 Lydia
926 4066 995 4136 post
1018 4056 1155 4129 Chloen,

620 4158 707 4218 multi
727 4157 830 4238 Lydia
847 4158 977 4218 nominis

415 4257 554 4317 Romana
572 4259 657 4335 vigui
677 4259 792 4318 clarior
812 4260 880 4320 Ilia.

250 4369 451 4448 Exemplaria
481 4375 582 4431 omnia
609 4383 694 4433 erat
713 4376 841 4454 Lydia
867 4377 1036 4457 praebent3
1069 4377 1235 4437 seddixit
1259 4401 1391 4460 quoque

250 4467 378 4545 Lydia
396 4473 505 4547 vigui
525 4492 587 4530 non
604 4474 740 4550 viguit.
762 4510 804 4519 -
823 4498 853 4534 v.
876 4475 947 4536 792.
