2884 5184
165 1581 355 1698 Opuscula
373 1611 455 1676 haec
476 1609 605 1677 Selecta
627 1611 739 1677 Caroli
761 1614 924 1680 Ludovici
947 1606 1082 1697 Struse,
1103 1615 1214 1679 fratris

70 1728 155 1793 Tibi
171 1728 395 1815 dilectissimi,
418 1738 493 1818 post
514 1727 702 1796 diuturnam
725 1741 909 1821 temporum
936 1734 1214 1821 importunitatem

71 1847 210 1912 tandem
233 1849 410 1935 aliquando
439 1851 474 1914 in
496 1847 602 1913 lucem
631 1848 749 1933 edens,
780 1855 853 1939 quis
881 1861 949 1936 est,
978 1874 1075 1939 quem
1101 1850 1214 1916 luben-

71 1965 159 2048 tius,
183 1967 294 2030 verius
318 1974 350 2031 et
368 1966 485 2032 melius
505 1967 710 2055 compellem,
734 1993 832 2057 quam
850 1972 915 2055 Te,
934 1972 1066 2059 Optime
1081 1969 1214 2052 Patrue,

73 2105 174 2170 quem
206 2091 349 2171 patrem,
379 2086 535 2169 amicum,
568 2086 751 2153 studiorum
779 2112 925 2155 meorum
955 2091 1117 2154 fautorem
1145 2096 1214 2153 toto

74 2201 184 2266 animo
207 2201 312 2268 colere
334 2206 441 2292 pietas
461 2227 513 2270 me
536 2204 658 2271 docuit.
706 2206 760 2270 Tu
777 2229 914 2294 puerum
935 2230 1002 2289 me,
1022 2230 1135 2295 quem,
1158 2230 1214 2293 pa-

71 2328 124 2385 tre
146 2321 316 2386 carissimo
336 2321 479 2387 Ernesto
499 2331 708 2411 praematura
728 2332 833 2390 morte
856 2323 1001 2411 abrepto,
1023 2325 1213 2389 Ludovicus

71 2446 212 2527 patruus
229 2438 444 2527 adoptaverat
466 2449 499 2506 et
516 2441 702 2529 Dorpatum
724 2465 836 2508 secum
854 2442 1047 2525 adduxerat,
1068 2450 1142 2529 post
1163 2441 1213 2505 fu-

71 2564 203 2657 nestum
219 2556 353 2623 alterius
373 2561 478 2646 patris
492 2560 724 2646 benignissimi
741 2560 866 2626 obitum
884 2561 919 2624 in
935 2559 1094 2625 familiam
1108 2558 1215 2623 Tuam

71 2677 245 2764 recepisti,
275 2699 343 2741 una
369 2698 444 2742 cum
465 2677 543 2743 filiis
566 2680 634 2744 tuis
658 2679 823 2763 educasti,
846 2678 952 2745 literis
975 2688 1007 2745 et
1028 2680 1213 2773 praeceptis

74 2793 239 2880 imbuisti,
261 2804 294 2861 et
314 2818 414 2883 quum
429 2798 573 2862 vidisses
586 2780 628 2862 ad
640 2798 750 2862 studia
764 2800 900 2885 antiqua
913 2798 1141 2864 lubentissime
1157 2796 1213 2861 ad-

74 2913 195 3002 pellere
207 2916 352 2980 animum
365 2915 519 3000 juvenis,
531 2915 646 2979 horum
659 2915 858 2998 studiorum,
871 2938 955 3001 quae
970 2918 1041 3003 ipse
1063 2914 1141 2979 olim
1162 2937 1213 2978 co·

74 3034 200 3117 lueras,
229 3043 263 3099 et
288 3055 309 3097 a
336 3032 456 3120 quibus
489 3053 531 3097 ne
556 3053 645 3097 nunc
674 3031 820 3118 quidem·
835 3010 981 3098 animum
1006 3030 1213 3113 abalienasti,

74 3175 217 3219 amorem
246 3152 298 3216 Tu
317 3153 353 3217 in
374 3173 427 3215 me
455 3159 489 3215 et
515 3152 669 3216 excitasti
697 3160 731 3216 et
752 3151 876 3218 fovisti.
929 3151 1080 3216 Examen
1102 3149 1213 3213 candi-

74 3271 145 3336 dati
168 3269 394 3358 philosophiae
414 3279 589 3358 postquam
610 3292 640 3335 a.
667 3273 760 3336 1837.
781 3272 816 3337 in
837 3271 1064 3337 Universitate
1086 3267 1213 3354 Dorpa-

72 3391 160 3455 tensi
181 3388 321 3471 absolvi,
337 3387 410 3452 Tua
428 3386 618 3473 benignitas
638 3389 735 3475 fecit,
756 3400 793 3455 ut
813 3412 872 3480 per
892 3388 1064 3454 biennium
1081 3389 1116 3450 in
1130 3385 1212 3450 Ger-

72 3510 184 3573 mania
206 3507 452 3594 peregrinarer,
476 3515 512 3570 ut
538 3516 573 3572 et
593 3518 751 3594 cognatos
772 3510 952 3575 reviserem
981 3506 1212 3571 dilectissimos

73 3635 108 3691 et
129 3628 216 3691 viros
238 3626 274 3691 in
295 3624 399 3690 literis
425 3626 548 3690 nostris
577 3648 721 3692 summos
744 3650 845 3716 prope
870 3645 1112 3710 cognoscerem.
1158 3620 1213 3684 Sic

74 3765 189 3832 quum,
203 3745 365 3810 invitante
380 3741 499 3808 Oarolo
517 3750 643 3828 patruo,
659 3743 905 3826 Regimontium
922 3762 974 3804 me
990 3739 1213 3817 contulissem,

75 3862 233 3948 singulari
254 3884 333 3926 casu
355 3861 479 3926 factum
501 3867 568 3940 est,
596 3867 633 3923 ut
661 3859 818 3924 extremis
838 3858 939 3944 hujus
970 3855 1087 3921 diebus
1113 3855 1212 3918 inter-

74 4003 195 4065 essem,
215 3978 404 4046 moribundi
421 3987 586 4068 postrema
605 3977 710 4042 verba
732 3979 933 4066 exciperem,
957 3973 1077 4039 mortui
1100 3970 1212 4036 oculos

25 4178 36 4195 ·
73 4098 274 4182 clauderem,
296 4107 330 4163 et
346 4097 450 4184 justis
465 4096 564 4161 factis
580 4097 703 4160 scrinia
725 4097 798 4182 ejus
819 4102 852 4159 et
872 4093 1088 4179 gravissimos
1111 4088 1212 4154 libros

73 4238 117 4282 ex
134 4216 336 4282 bibliotheca
357 4215 430 4302 ejus
452 4213 495 4278 ad
515 4213 644 4278 hastam
674 4223 815 4302 emptos,
839 4211 887 4276 Te
909 4219 1060 4292 auctore,
1084 4229 1212 4273 mecum

74 4333 248 4399 auferrem.
292 4333 375 4398 Inde
397 4355 441 4397 ex
462 4330 519 4397 illo
539 4340 702 4420 tempore,
725 4330 943 4397 hereditatem
964 4336 1080 4392 nactus
1103 4327 1212 4392 litera-

73 4453 156 4517 riam
177 4451 293 4516 Patrui
321 4452 454 4539 optimi,
481 4460 515 4516 et
535 4449 577 4515 ab
600 4473 638 4517 eo
660 4449 899 4538 quodammodo
925 4455 1111 4512 nostrarum
1139 4445 1211 4510 lite-

71 4592 181 4638 rarum
217 4570 383 4659 mysteriis
416 4570 582 4651 initiatus,
613 4576 788 4656 postquam
822 4568 858 4631 in
892 4564 1047 4631 Russiam
1077 4565 1212 4649 reverti,
