2884 5184
238 418 301 485 102
321 399 780 505 ³³:1-131'35333934't3ffl
803 422 1041 468 sumamus

695 594 794 653 rme.
830 592 862 669 s.
885 593 914 651 4.

324 725 404 789 „Atta
423 735 543 792 quoquc,
571 732 627 789 per
650 715 861 786 indiynotionem
881 714 927 767 dci
945 714 1080 766 adversus
1099 711 1215 782 injectos·
1232 712 1364 781 tatoclps-

242 838 314 876 mum
329 822 429 892 priore
446 821 557 874 sacculo
573 817 680 888 tactum
697 829 757 870 csse
777 815 861 883 droit,
883 820 913 868 ut
933 813 1036 866 molitio
1056 813 1167 882 pencris
1190 812 1298 867 tomani
1318 826 1364 865 cx·

240 923 440 993 ttinqttcretur:

404 1012 433 1089 ἕξ
455 1001 491 1073 οὗ
508 1012 683 1091 μηνίσαντος
704 1009 892 1088 ἕποορανίοιο
914 1012 999 1068 θεοῖο

406 1105 523 1174 αὖταῐσι
544 1112 674 1173 πολίεσσι
700 1109 752 1170 καὶ
773 1103 980 1189 ἆνθρῶποισιν
1001 1100 1113 1166 ἅπασιν

405 1215 463 1292 γῆν
483 1207 614 1288 ἐκάλυψε
633 1205 789 1287 θάλασσα,
812 1213 1030 1286 καταιλνσμοῖο
1049 1206 1219 1288 ῥαγέντος.“

242 1318 344 1377 Etiam
375 1315 431 1373 hos
458 1335 566 1374 versus
598 1314 758 1391 Betulejus
792 1311 874 1390 apud
901 1310 1052 1388 Sibyllam
1078 1310 1141 1387 legi
1171 1317 1280 1385 negat,
1311 1328 1369 1366 eum

241 1428 345 1477 tamen
364 1415 417 1473 lib.
440 1414 469 1471 4.
492 1435 522 1472 v.
546 1414 597 1471 51.
629 1436 696 1494 sqq.
726 1420 863 1485 exstent,
891 1411 977 1470 nulla
1003 1411 1066 1468 alia
1093 1411 1261 1481 varietate,
1289 1429 1369 1488 quam

243 1508 381 1576 αὖταῖσιν
397 1507 517 1573 πόλεσίν
536 1534 566 1572 τε
589 1525 620 1574 et
642 1505 744 1572 ἅπασι.
785 1514 837 1572 Ex
865 1510 1051 1571 editionibus
1075 1511 1188 1568 nostris
1215 1510 1242 1567 B
1270 1530 1288 1566 a
1312 1509 1368 1566 vul-

243 1627 317 1695 gata
336 1616 488 1694 scriptura
509 1634 570 1674 non
592 1615 725 1675 recedit:
749 1614 775 1673 O
800 1633 875 1673 vero
902 1611 1021 1670 initium
1047 1609 1175 1669 secundi
1202 1631 1306 1669 versus
1333 1611 1369 1667 sic

244 1717 399 1776 constituit
425 1711 476 1772 καὶ
502 1703 620 1774 αὐταῖσι
641 1707 771 1775 πόλεσσι.
820 1715 858 1772 In
884 1712 1017 1772 editione
1045 1710 1075 1769 A
1101 1731 1175 1770 vero
1201 1713 1301 1770 omnia
1324 1710 1369 1768 mi-

244 1834 313 1874 sere
334 1814 463 1891 disjecta
484 1822 553 1871 sunt
573 1814 653 1873 hunc
676 1816 707 1872 in
730 1813 867 1873 modum:
897 1813 963 1885 εξοο
989 1825 1170 1889 μηνισαντοσ
1194 1829 1370 1890 επουρανιοιο
1406 1864 1407 1875 .

244 1918 325 1972 θεττα
346 1935 396 1972 και
414 1928 580 1994 αντροιποισ
600 1928 724 1972 ιναπασι
742 1916 878 1992 μηρκαλυ
900 1915 1078 1987 ψεθαλασσα
1101 1926 1220 1970 αοταισι
1241 1913 1309 1969 πολε
1322 1926 1370 1968 εστι
1408 1982 1409 1985 ¹

245 2015 461 2090 κατακλυσμοιο
483 2030 631 2092 ραμεντοσ.
680 2014 897 2094 Interpretatio
927 2012 1038 2071 Latina
1068 2011 1147 2069 haec
1175 2020 1239 2071 est:
1268 2031 1303 2069 cu
1327 2031 1370 2085 qvo
1403 1990 1410 2093 η

245 2120 380 2172 irascente
405 2118 512 2173 coelesti
537 2117 587 2172 deo
608 2119 687 2189 ipsso
708 2121 828 2173 civitutm
849 2133 913 2172 cum
939 2115 1091 2172 bominibus
1119 2117 1227 2170 cunctis
1251 2110 1371 2189 (omnibus
1408 2118 1409 2187 J

244 2218 396 2273 bominibus
423 2213 490 2272 cod.
518 2213 570 2291 R.)
598 2225 624 2273 ct
650 2224 755 2274 terram
784 2214 823 2293 (ct
847 2214 934 2274 deest
961 2215 994 2272 iu
1020 2235 1046 2272 c.
1068 2212 1120 2291 R.)
1143 2231 1223 2271 marc
1245 2215 1371 2287 coopcnct
1407 2210 1408 2283 ᾗ

245 2314 381 2393 (cooperit
398 2315 483 2374 editt.
506 2316 542 2389 B,
564 2314 614 2392 C.)
635 2317 735 2376 dilucio
761 2324 854 2391 rupto.
1407 2296 1408 2299 Ἴ

710 2480 807 2541 rura.
835 2480 866 2557 §-
888 2480 917 2539 5.

331 2600 441 2667 „Simili
459 2602 538 2656 modo
557 2601 782 2671 defloprotioncm
798 2606 896 2673 postca
916 2601 1044 2672 futurum
1067 2601 1216 2655 vaticinata
1246 2605 1301 2671 est,
1325 2615 1369 2670 qua

246 2714 347 2755 rursm
368 2701 493 2772 impietus
512 2701 653 2755 bominum
677 2701 816 2755 debatur.-

410 2795 461 2855 καί
480 2816 550 2856 ποτε
569 2786 625 2873 τὴν
642 2785 737 2876 ὀργὴν
757 2787 831 2856 θεὸν
851 2784 908 2855 οὐκ
932 2791 975 2854 ἔτι
995 2788 1168 2874 πραΰνοντα

412 2886 479 2957 ἄλλ’
498 2894 709 2976 ἒξεμβρίθοντα
731 2893 781 2956 καὶ
803 2888 959 2970 ἕξολύοντοὶ
979 2916 1010 2955 τε
1026 2894 1136 2975 γένναν

410 2988 583 3077 ἀνθρώπων
604 2991 725 3057 ἅπασαν
746 2988 800 3056 ὑπ’
824 2992 995 3076 ἐμπρησμοῦ
1015 2994 1198 3077 πέρθοντα.“

246 3100 334 3157 Haec
356 3119 503 3179 perquam
526 3108 667 3181 corrupta
687 3106 773 3158 sunt:
795 3117 896 3178 neque
918 3094 1100 3178 ἕξεμβρλθειν
1128 3120 1230 3179 neque
1259 3090 1370 3174 ἕξολύειν

248 3198 400 3258 Graecum
422 3217 490 3256 esse
511 3207 627 3276 potest;
651 3208 744 3278 atque
765 3220 857 3259 versu
880 3200 969 3258 tertio
985 3198 1119 3258 secundo
1134 3200 1203 3259 loco
1221 3201 1368 3260 trochaeus

247 3308 302 3357 est.
346 3298 458 3377 Neque
487 3307 590 3356 tamen
623 3320 662 3357 ex
696 3299 786 3359 editis
813 3300 969 3360 veteribus
1002 3301 1166 3379 quicquam
1193 3302 1367 3379 proficimus

246 3417 316 3458 nam
339 3416 419 3478 quae
441 3396 603 3456 observavi
624 3420 680 3478 pro
708 3403 800 3460 meris
829 3402 912 3460 vitiis
939 3401 1172 3479 typographicis
1195 3401 1305 3461 haberi
1327 3399 1366 3457 de·

245 3498 333 3572 bant,
361 3507 395 3557 ut
416 3497 602 3577 εξεμβριοντα
631 3510 662 3560 et
684 3503 841 3575 εξαλοοντα
868 3503 900 3559 in
926 3502 956 3560 A
978 3509 1042 3559 tum
1074 3500 1157 3580 quod
1178 3511 1250 3562 ante
1275 3499 1368 3581 γένναν

244 3601 277 3660 in
298 3600 328 3659 A
356 3610 387 3660 et
414 3600 439 3661 C
468 3596 497 3660 τὲ
518 3601 614 3661 deest.
658 3602 768 3662 Mirum
789 3612 951 3683 praeterea
978 3601 1077 3660 videri
1107 3602 1216 3676 debet,
1247 3602 1327 3683 quod
1345 3608 1367 3658 et

244 3704 277 3761 in
299 3702 404 3761 codice
425 3711 528 3762 nostro
552 3705 631 3763 etin
653 3702 743 3763 editis
762 3704 918 3765 veteribus
938 3702 1075 3762 omnibus
1095 3703 1306 3783 interpretatio
1320 3704 1367 3761 La·

243 3804 309 3865 tina
334 3803 429 3863 deest.
475 3803 538 3862 Sed
566 3804 658 3881 longe
683 3804 772 3864 aliter
798 3806 941 3883 leguntur
967 3805 999 3862 hi
1023 3823 1130 3863 versus
1150 3806 1183 3863 in
1201 3804 1368 3864 carminibus

245 3904 407 3982 Sibyllinis
430 3903 459 3961 4.
488 3924 518 3961 v.
543 3902 614 3961 154.
637 3924 705 3983 sqq.
1283 3915 1287 3923 ·

411 4001 463 4063 rol
482 3996 545 4065 τότε
565 3996 722 4083 γινώσκειν
741 3998 817 4065 θεὸν
838 3996 936 4065 οὐκέτι
957 3997 1058 4084 πρηῦν
1077 3996 1174 4082 ἐόντα,

409 4093 484 4162 ἄλλα
504 4098 600 4187 χρόνῳ
623 4104 784 4185 κραίνοντα
805 4103 856 4165 καὶ
883 4102 1052 4179 ἐξολὲκονια
1072 4096 1177 4185 γενεὰν

407 4194 581 4282 ἀνθρώπων
601 4198 681 4281 μάλα
699 4208 800 4266 πᾶσαν
817 4196 872 4266 ὑπ’
897 4203 1069 4284 ἐμπρησμοῦ
1090 4198 1238 4286 μεγάλοιο,

242 4300 296 4359 ubi
328 4302 360 4359 in
395 4302 529 4364 editione
560 4308 698 4386 principe
726 4307 911 4385 vulgabatur
939 4296 1038 4367 οὐκέτι
1067 4302 1131 4365 αἰὲν
1158 4299 1243 4366 ἐόντα
1270 4316 1300 4366 et
1318 4290 1363 4362 inti

242 4403 393 4476 πρησμοῦ;
424 4406 552 4462 mutavit
581 4416 689 4485 postea
719 4406 915 4486 OpsopaeuS,
948 4411 1035 4488 cujus
1063 4402 1141 4467 haec
1173 4416 1243 4467 sunt
1269 4404 1363 4466 verba:
