2884 5184
275 430 335 491 148
605 428 870 480 insensum
893 422 1062 471 annaei

274 618 327 677 τοῦ
347 607 441 691 μόνον
462 607 578 689 κυρίου,
602 605 776 686 exspectari
798 609 929 683 poterat.
964 599 1032 658 Iam
1052 594 1213 654 videamus
1237 589 1399 667 scriptura:

277 716 391 777 oodiais
412 710 663 790 Regiomoutani:

278 877 372 921 eausa
391 866 493 916 autem
878 849 1121 924 aitiooaetoytoy

277 963 369 1041 hujus
393 976 504 1018 causae
877 949 1093 1029 toyaiaiaioyn

279 1063 420 1123 voluntas
435 1057 510 1118 boni
879 1053 1188 1129 toyffiatetoyataeoy

281 1184 360 1245 qnae
383 1161 473 1221 deum
493 1179 549 1238 pro
571 1155 676 1216 verbo.
881 1148 1085 1232 yanoioooxoi

281 1265 332 1325 dei
350 1281 461 1323 nomen
880 1262 1064 1327 toononaoy

281 1386 343 1425 non
363 1368 465 1445 potest
487 1378 540 1418 ore
883 1354 1135 1433 ayataianepotu

281 1485 362 1546 Πρω.
383 1462 538 1523 hominum
556 1458 625 1518 fari.
884 1463 1031 1516 otonataa

283 1584 435 1643 anonnay
456 1572 487 1622 et
507 1561 600 1643 paulo
627 1566 696 1638 post
723 1556 763 1615 ad
781 1555 886 1617 filium.

284 1663 332 1727 est
352 1665 469 1725 enimo
491 1663 536 1721 fili
886 1652 1214 1736 sotietaptiootelrnon

286 1774 423 1827 secretus
445 1763 568 1843 quidam
886 1757 1071 1837 alloppntoc

286 1887 385 1927 sermo
407 1865 515 1943 sapien
886 1858 1064 1917 aotooooobi

287 1968 334 2026 aie
353 1966 392 2025 de
411 1965 476 2024 solo
495 1961 615 2021 domino
887 1956 1198 2037 aooyioooosotollepi

288 2052 421 2126 omnium
443 2075 474 2125 et
888 2058 1213 2138 toynonoykyllantm

286 2170 479 2250 praesciente
888 2160 1139 2239 kaillpoonnooy

289 2272 391 2331 omnia
411 2270 484 2342 deo,
508 2286 599 2347 quem
889 2251 1084 2338 nenoydyon

288 2369 392 2432 di'cera
414 2389 506 2449 snpra
890 2362 1087 2442 ealletntllep

288 2473 442 2532 hominem
465 2479 511 2530 est
889 2463 1142 2544 anepolldnooti.

374 2615 412 2673 In
434 2614 481 2673 his
512 2610 664 2693 quaedam
685 2610 797 2668 misere
826 2616 970 2686 corrupta
998 2617 1029 2667 et
1057 2606 1195 2666 mutilata
1223 2623 1308 2675 esse,
1336 2619 1398 2659 uem<

289 2735 351 2774 non
371 2712 470 2786 videt,
493 2713 586 2794 idque
608 2713 641 2771 in
658 2710 777 2770 Latinis
799 2727 937 2789 qnoque:
959 2708 1002 2767 sio
1031 2708 1133 2766 statim
1158 2708 1191 2765 in
1213 2705 1300 2764 linea
1320 2709 1398 2784 quart

290 2817 360 2875 voci
382 2816 464 2875 verbo
490 2813 660 2873 demendae
693 2818 764 2869 sunt
795 2808 874 2869 duae
900 2817 1072 2888 postremae
1102 2808 1227 2880 literae,
1264 2811 1310 2876 bo,
1333 2811 1397 2881 atqu

287 2913 466 2995 jungendae
494 2934 561 2973 oum
595 2911 724 2972 Graecis
760 2910 888 2989 yaneie,
919 2908 1001 2969 undo
1033 2901 1172 2988 βούλησις
1204 2908 1318 2987 prodit.
1360 2902 1397 2961 so

292 3024 430 3097 praestat
450 3017 528 3075 haee
551 3014 657 3073 ordine
678 3030 879 3091 percensere:
901 3019 964 3069 tres
983 3010 1099 3089 primae
1124 3010 1227 3069 lineae
1257 3012 1290 3068 in
1310 3002 1396 3066 Latini

293 3117 449 3176 continent
469 3116 525 3174 has
547 3134 655 3174 voees:
675 3130 762 3171 causa
784 3120 875 3170 autem
895 3115 982 3187 hujus
1008 3129 1111 3170 causae
1132 3114 1259 3170 totamm
1281 3114 1348 3170 boat·
1364 3123 1396 3162 set

292 3216 384 3291 longe
406 3214 546 3292 pleniora
568 3224 638 3274 sunt
660 3212 796 3273 Graeca:
827 3230 907 3291 quae
935 3212 979 3270 sio
1003 3210 1137 3289 legenda
1161 3220 1248 3271 sunt:
1279 3220 1361 3269 αιτιοσ
1381 3201 1396 3258 ὅ

292 3332 397 3370 τουτου
415 3331 468 3369 του
489 3333 622 3372 noemma
644 3305 662 3389 ἡ
683 3333 736 3372 του
753 3315 790 3371 dt
812 3312 846 3391 (i.
866 3333 894 3372 e.
916 3315 960 3370 θυ
980 3331 1005 3371 s.
1030 3315 1104 3372 θεον
1124 3334 1179 3392 pro
1203 3311 1305 3390 θειου)
1325 3323 1395 3385 pun

295 3414 414 3490 αγαθου
433 3443 475 3451 -
495 3411 548 3470 ubi
569 3413 602 3471 in
623 3431 757 3472 αιαιαιου
777 3413 854 3472 nihil
876 3411 960 3472 alind
979 3411 1087 3486 video,
1108 3434 1200 3493 qnam
1212 3413 1262 3472 bis
1286 3411 1395 3481 deincep}

294 3532 368 3573 easu
389 3511 552 3596 repetitam
573 3512 726 3591 syllabam
749 3535 797 3588 αι,
821 3522 914 3593 atque
934 3513 1057 3573 tertium
1085 3535 1116 3572 αι
1141 3535 1196 3593 pro
1224 3535 1252 3572 τι
1282 3511 1394 3593 positum:

293 3614 326 3673 in
348 3633 452 3691 aystoo
474 3632 607 3691 agnosco
630 3615 763 3692 vestigia
783 3614 868 3673 voois
897 3601 1074 3691 ἆγεννήτου,
1103 3635 1195 3695 quam
1218 3614 1309 3674 editio
1328 3610 1363 3679 Α,
1377 3613 1394 3660 11¹

293 3714 441 3787 vidimus,
462 3715 647 3795 suppeditat.
691 3715 774 3774 Ante
795 3733 900 3791 αγετου
923 3715 1038 3775 excidit
1060 3714 1119 3774 καί.

379 3812 443 3873 Sed
464 3817 595 3876 maxime
614 3814 819 3876 memorabilis
843 3824 890 3874 eet
910 3815 994 3875 linea
1017 3825 1141 3896 quarta}
1167 3792 1247 3896 qnae
1269 3816 1347 3874 deum
1360 3822 1393 3884 pn

294 3912 404 3987 verbo,
435 3915 541 3990 υλησισ
577 3928 669 3991 οσχσι.
713 3916 787 3988 Hie,
816 3923 850 3974 ut
875 3917 941 3993 jam
967 3915 1113 3990 diximus,
1144 3919 1176 3975 bo
1205 3907 1393 3974 adhaerendum

295 4025 342 4076 est
360 4015 557 4095 sequentibus
578 4013 723 4088 Graecis,
746 4014 827 4074 unde
847 4014 990 4093 βουλησισ
1015 4017 1104 4076 nobis
1127 4037 1161 4077 se
1184 4017 1286 4090 offert,
1304 4025 1392 4094 praetr

198 4147 200 4150 ·
295 4115 436 4176 dentibus
470 4114 598 4175 Graecis
627 4115 828 4194 J'ungendum.
888 4115 952 4176 Sed
981 4116 1054 4197 quid
1087 4138 1126 4177 ex
1154 4117 1280 4197 reliquis
1310 4104 1392 4173 natm

294 4215 421 4288 faniam,
443 4234 515 4291 quae
536 4220 616 4274 deum
631 4235 752 4291 prover,
779 4216 853 4295 quid
877 4236 917 4276 ex
946 4215 1075 4276 Graecis
1102 4232 1200 4294 οσχσι,
1230 4218 1311 4278 nullo
1333 4203 1391 4270 m⁰l⁰

295 4313 417 4402 video.¹
441 4313 504 4374 Sed
534 4315 567 4373 id
597 4316 671 4374 mihi
701 4314 771 4375 luce
801 4317 912 4376 elarius
945 4317 1082 4390 videtur,
1117 4318 1275 4396 vulgatam
1302 4305 1318 4392 ἡ
1342 4294 1391 4367 ed

296 4403 486 4490 προήνεγκεν,
508 4432 526 4470 a
548 4412 653 4474 oodioe
673 4425 780 4475 nostro
806 4437 907 4499 neque
928 4419 960 4476 in
983 4415 1112 4477 Graecis
1131 4437 1235 4497 neque
1260 4420 1291 4477 in
1308 4403 1389 4492 Lafissll
