2884 5184
329 1408 496 1507 Scripta,
528 1429 626 1502 quae
657 1401 699 1479 C.
726 1404 770 1477 L.
802 1403 939 1479 Struve
977 1403 1192 1501 evulgavit,
1227 1432 1273 1478 ex
1298 1431 1365 1479 an-

520 1568 524 1573 *
555 1564 693 1612 norum
720 1536 854 1612 ordine
885 1537 1084 1639 disposita.
1093 1538 1127 1639 *)

398 1811 423 1876 1)
443 1809 567 1859 Historia
585 1808 725 1858 doctrinae
748 1809 912 1859 Graecorum
931 1825 964 1859 ac
987 1812 1171 1861 Romanorum
1194 1811 1409 1876 philosophorum

442 1894 475 1943 de
494 1898 569 1942 stetu
587 1894 737 1942 animarum
755 1898 958 1957 postmortem.
996 1893 1039 1960 [In
1062 1897 1209 1945 certamine
1234 1896 1360 1945 literario
1381 1897 1409 1944 ei-

443 1979 517 2028 vium
535 1979 698 2029 Academiae
716 1979 852 2044 Georgius
870 1980 1012 2045 Augustae
1031 1980 1057 2031 d.
1077 1981 1124 2031 IV.
1149 1981 1228 2031 Juuii
1251 1980 1408 2030 MDCCCll.

442 2064 561 2129 praemio
590 2078 608 2112 a
631 2064 706 2128 Rege
730 2063 768 2112 Μ.
795 2062 954 2113 Britanniae
978 2064 1049 2129 Aug.
1077 2064 1227 2114 constituto
1253 2065 1288 2113 ab
1319 2064 1409 2113 illustri

361 2182 364 2187 >
442 2148 662 2214 philosophorum
686 2147 780 2197 ordine
807 2146 924 2214 ornata]
973 2147 1103 2211 Altonae,
1131 2147 1310 2198 Mucccm.
1342 2148 1406 2197 XVI.
1430 2208 1432 2223 1

443 2239 471 2285 et
490 2232 540 2284 1111
557 2249 603 2298 pp.
621 2233 648 2285 8.
675 2230 819 2298 [Adjectae
836 2235 900 2281 sunt
918 2232 1082 2296 appendices
1100 2230 1177 2297 tres]
1430 2226 1432 2270 l

399 2319 426 2385 2)
445 2318 674 2369 Observationum
697 2322 725 2366 et
746 2316 975 2367 Emendationum
1004 2318 1034 2366 in
1057 2317 1229 2381 Propertium
1253 2315 1411 2365 edendarum

449 2404 596 2469 specimen.
624 2402 742 2453 Altonae
762 2401 838 2453 1804.
857 2403 890 2452 11
908 2418 953 2466 pp.
970 2402 997 2455 8.

399 2488 426 2554 3)
443 2489 486 2538 De
502 2486 652 2538 Elementis
670 2485 844 2549 Empedoclis
862 2485 1029 2547 dissertatio,
1048 2501 1130 2550 quam
1150 2499 1198 2548 pro
1212 2483 1295 2533 venia
1309 2482 1413 2548 legendi

444 2598 478 2609 -
496 2573 548 2621 rite
565 2569 738 2636 impetranda
751 2596 784 2605 -·
804 2568 932 2621 defendet
951 2598 993 2622 —.
1012 2571 1129 2635 Dorpati
1148 2568 1306 2619 MDCCCV.
1326 2567 1431 2669 281111.)

443 2657 469 2707 8.
491 2654 634 2721 [Adjectae
651 2658 716 2704 sunt
734 2654 825 2704 theses
843 2654 920 2721 tres]
1430 2672 1431 2703 r

399 2742 427 2807 4)
445 2739 596 2791 Consilium
620 2739 654 2790 de
674 2754 749 2788 nova
771 2738 890 2789 editione
908 2740 936 2790 8,
955 2740 988 2790 A.
1012 2738 1148 2803 Porpertii
1172 2752 1235 2786 mox
1259 2734 1413 2786 adornanda
1430 2718 1431 2767 l

442 2825 578 2892 proponit.
595 2852 631 2860 -
647 2823 765 2888 Dorpeti
783 2822 861 2874 1800.
881 2823 915 2874 30
932 2839 977 2887 pp.
997 2820 1022 2871 8.
1430 2868 1431 2871 ,

402 2912 429 2976 5)
449 2909 608 2975 Sophoclis,
627 2911 658 2957 ut
673 2906 782 2969 volunt,
798 2905 1032 2970 Clytaemnestrae
1051 2903 1241 2966 fragmentum.
1278 2901 1350 2949 Post
1368 2900 1412 2948 edi·
1430 2910 1431 2989 1

444 2994 546 3044 tionem
575 2992 766 3055 Musquensem
790 2989 940 3055 principem
957 2988 1001 3038 edi
1017 2987 1124 3038 curavit
1146 2987 1218 3035 notis
1237 2983 1357 3048 adjectis
1376 3011 1409 3030 -.

444 3077 531 3140 Rigas
553 3075 629 3126 1807.
650 3074 702 3124 220
718 3090 764 3137 pp.
784 3071 809 3122 8.

287 3145 296 3154 ’
400 3160 428 3223 6)
446 3156 588 3209 Juvenal's
612 3159 695 3206 Erste
724 3156 823 3206 satire.
851 3153 983 3203 Metrisch
1004 3154 1145 3204 iibersetzt
1168 3151 1224 3201 und
1253 3143 1320 3200 mit'
1333 3152 1410 3201 einen

445 3239 618 3288 Commentar
641 3238 773 3302 begleitet
799 3252 854 3286 von
881 3263 925 3288 -.
970 3235 1241 3300 Eiuledungsschrilt
1266 3249 1301 3284 zu
1329 3237 1430 3307 seiueup

444 3319 632 3384 Vorlesungen
653 3319 721 3369 iiber
739 3319 832 3369 diesen
849 3319 972 3369 Dichter.
1008 3321 1115 3384 Dorpat
1132 3318 1209 3369 1807.
1228 3319 1263 3369 40
1281 3335 1328 3383 pp.
1349 3321 1375 3369 4.

401 3404 429 3470 7)
448 3404 540 3454 Ueber
558 3402 603 3452 die
615 3401 796 3467 chronologie
812 3403 860 3453 der
873 3403 1076 3468 Aegyptischen
1095 3401 1257 3453 Geschichte
1274 3402 1348 3451 nach
1363 3402 1412 3450 den

445 3486 578 3537 Herodot.
598 3484 801 3548 Dorpat1809.
822 3485 856 3535 20
880 3501 925 3549 pp.
948 3485 973 3536 8.
1012 3484 1108 3551 [Typis
1135 3486 1282 3550 repetitum
1303 3487 1332 3534 in
1352 3486 1411 3535 libro

446 3570 520 3636 ejus:
539 3570 757 3635 Abhandlungen
775 3571 831 3621 und
848 3570 942 3621 Redcn
959 3595 994 3607 —
1008 3570 1182 3635 Ktinigsherg
1202 3569 1279 3620 1822.
1299 3568 1339 3635 8.]

401 3655 428 3723 8)
447 3656 512 3708 Vier
529 3653 661 3704 Tabellen
676 3653 744 3703 iiber
761 3654 805 3704 die
822 3655 997 3705 Lateinische
1014 3655 1191 3705 Dehlination
1210 3654 1266 3703 und
1284 3637 1429 3717 Conjupe«

444 3742 516 3802 tion,
536 3753 598 3787 zum
618 3736 762 3788 Gebraueh
782 3737 830 3787 der
847 3737 1040 3788 Kreisschulen
1059 3738 1106 3788 des
1123 3737 1316 3802 Dorpatschen
1338 3738 1413 3787 Lehr-

443 3822 562 3875 hezirks.
580 3822 652 3886 Riga
671 3820 750 3871 1811.
769 3836 810 3885 gr.
828 3820 888 3871 Fol.
1191 3824 1195 3831 '

401 3910 429 3975 0)
449 3910 505 3959 Des
524 3907 625 3956 Darius
644 3904 767 3969 Feldzug
785 3921 872 3971 gegen
891 3905 935 3955 die
953 3904 1083 3969 Scythen.
1108 3906 1178 3955 Eine
1195 3904 1279 3956 Rede.
1303 3866 1428 3968 Dorpat.i

446 3993 521 4043 1812.
542 3992 576 4040 24
593 4006 639 4055 pp.
658 3987 685 4039 8.
712 3987 808 4053 [Typis
826 3990 970 4053 repetitum
988 3989 1017 4037 in
1034 3989 1052 4038 1.
1071 3988 1102 4054 1.]
1427 3986 1428 3999 ³

384 4076 427 4143 10)
446 4077 537 4126 Ueber
559 4074 604 4124 die
624 4072 800 4123 Leteinische
816 4072 1003 4123 Deklination.
1039 4073 1145 4135 Dorpat
1163 4068 1240 4122 1813.
1260 4068 1295 4119 73
1312 4084 1359 4134 pp.
1377 4069 1399 4118 8.

1098 4189 1121 4223 ”

356 4309 378 4356 *l
393 4309 461 4362 Spero
475 4310 683 4363 nultum·grrvi0ris
697 4310 802 4352 momenti
820 4310 925 4363 seriptum
944 4311 966 4350 iu
985 4311 1026 4352 hoc
1044 4308 1144 4360 catalogo
1164 4322 1177 4348 a
1195 4320 1228 4347 me
1243 4320 1293 4347 esse
1307 4309 1410 4349 omissum.

280 4373 312 4412 Ex
326 4376 436 4423 censuris,
451 4377 541 4426 quasin
555 4376 631 4416 diariis
644 4375 749 4417 litorariis
764 4375 902 4417 excudendas
916 4377 1000 4416 curavit
1013 4376 1117 4425 Patruus,
1131 4373 1210 4414 mullas
1228 4386 1311 4426 easque
1326 4375 1410 4415 notiores

280 4438 387 4487 indicavi3
401 4439 458 4479 aliae
471 4452 498 4478 ne
512 4441 536 4479 in
549 4439 650 4480 notitiem
664 4442 753 4491 quidem
766 4440 821 4481 mihi
837 4446 956 4490 venerunt,
965 4453 1031 4493 quum
1045 4446 1088 4480 tam
1101 4438 1177 4491 procul
1192 4440 1262 4480 absim
1277 4452 1290 4479 e
1303 4440 1411 4490 mitioribus

280 4502 393 4542 literarum
406 4503 521 4544 subsidiis.
