2884 5184
223 463 335 512 XXXVI
543 461 627 509 VITA
648 461 726 510 CAR.
748 462 878 512 LUDOV.
902 461 1047 511 STBUVE.

225 633 389 698 debilitas,
450 631 650 696 Jamdudum
691 631 968 717 prudentissimus
1004 634 1144 720 quisque
1183 634 1359 699 amicorum

224 734 324 798 anxio
346 741 379 796 et
396 733 536 797 sollicito
557 731 650 796 vultu
675 733 762 795 hanc
791 733 864 817 ejus
889 733 1026 798 vivendi
1053 732 1238 819 agendique
1265 733 1360 796 ratio-

224 857 300 899 nem
327 843 519 920 prosecutus
550 842 637 915 erat,
672 843 705 896 et
734 855 831 919 saepe
859 834 944 897 inter
973 856 1029 897 eos
1061 833 1258 898 audiebatur
1283 857 1360 916 vox,

227 937 394 1002 Struvium
414 956 449 998 se
471 935 578 1021 ipsum
600 943 784 1016 conterere3
808 934 906 1020 quale
933 942 1157 1020 quantumque
1178 944 1361 1020 perageret,

227 1040 256 1102 si
278 1038 410 1100 eximiis
432 1035 558 1120 ingenii
581 1035 730 1117 dotibus,
754 1035 874 1119 quibus
895 1045 1013 1098 natura
1035 1056 1109 1097 enm
1125 1034 1278 1118 donavit,
1297 1056 1361 1097 mo-

228 1140 483 1221 discuteretur,
505 1158 589 1201 neve
609 1134 753 1202 violento
780 1144 917 1200 naturae
940 1156 1019 1198 suae
1046 1136 1170 1221 impetu
1196 1137 1363 1223 abreptus,

227 1244 262 1304 in
284 1248 432 1304 extrema
453 1238 603 1300 ferretur.
649 1234 825 1322 Nunquam
851 1236 983 1327 animus
1007 1236 1080 1321 ejus
1106 1258 1181 1300 acer
1207 1246 1240 1301 et
1266 1237 1363 1301 fervi-

228 1342 290 1405 dus
308 1361 426 1405 aureae
448 1338 498 1401 illi
518 1337 737 1402 mediocritati
758 1337 989 1417 adsuescebat,
1019 1358 1104 1422 quae
1132 1340 1160 1400 si
1182 1338 1217 1400 in
1243 1336 1363 1400 studiis

227 1450 261 1505 et
285 1438 533 1504 remissionibus
556 1438 764 1521 observatur,
788 1459 904 1526 corpus
928 1437 1034 1500 firmat
1053 1459 1092 1500 ac
1112 1437 1303 1501 corroborat
1324 1436 1364 1498 ad

229 1564 346 1606 munus
366 1563 426 1628 per
445 1539 565 1604 multos
584 1563 688 1605 annos
711 1549 842 1606 strenue
857 1538 1071 1623 fungendum.
1116 1537 1208 1601 Nihil
1225 1538 1257 1601 ei
1278 1547 1364 1601 tran-

228 1643 391 1729 quillitate
413 1640 583 1705 molestius
603 1651 688 1723 erat3
709 1640 921 1727 quamobrem
948 1639 984 1703 id
1009 1661 1138 1725 semper
1164 1639 1302 1723 agebat,
1330 1646 1364 1700 ut

229 1753 262 1807 et
284 1752 412 1806 suaset
435 1744 596 1823 omnium,
620 1743 676 1827 qui
697 1764 772 1805 eum
794 1739 1056 1822 circumdabant,
1075 1742 1163 1805 vires
1186 1740 1366 1804 concitaret

229 1853 262 1907 et
282 1841 483 1929 percelleret.
530 1840 696 1920 Quamdiu
711 1841 848 1927 juvenis
869 1849 955 1923 erat,
978 1840 1132 1905 valetudo
1154 1841 1227 1927 ejus
1249 1840 1366 1904 firmis-

230 1945 313 2007 sima
334 1950 367 2004 et
387 1964 464 2005 vere
486 1941 594 2006 ferrea
617 1964 755 2027 magnas
780 1942 840 2004 has
867 1942 1119 2006 exercitationes
1147 1943 1268 2028 optime
1296 1964 1366 2028 per-

229 2044 359 2108 tulerat.
403 2041 545 2105 Multum
565 2051 598 2105 et
619 2051 706 2106 certe
728 2042 904 2129 plurimum
928 2043 1084 2128 temporis
1113 2052 1146 2107 et
1169 2043 1313 2128 juvenili
1336 2050 1368 2103 et

230 2145 320 2213 virili
353 2151 460 2229 aetate
491 2141 596 2207 literis
628 2142 788 2226 navabat,
819 2164 986 2227 nunquam
1006 2153 1117 2208 autem
1145 2145 1226 2208 haec
1258 2144 1369 2207 studia

230 2255 320 2311 certa
341 2245 483 2330 quadam
504 2244 619 2328 regula
642 2244 909 2328 temperabantur
934 2251 967 2307 et
989 2243 1241 2310 adornabantur.
1279 2243 1369 2323 Quo-

230 2349 293 2411 ties
321 2367 409 2410 nova
437 2344 549 2428 aliqua
575 2346 724 2429 quaestio
751 2347 896 2424 animum
929 2342 1000 2429 ejus
1030 2345 1225 2433 occupabat,
1254 2354 1368 2408 tantus

230 2448 421 2536 plerumque
441 2446 512 2532 ejus
538 2445 637 2509 ardor
663 2445 699 2509 in
727 2443 955 2533 persequenda
983 2444 1041 2507 illa
1069 2455 1154 2529 erat,
1180 2454 1217 2509 ut
1243 2445 1370 2509 nullam

231 2572 337 2634 neque
372 2548 490 2611 mentis
520 2566 626 2630 neque
653 2548 797 2631 corporis
832 2545 1005 2628 defatigati
1040 2547 1200 2610 rationem
1228 2546 1370 2628 habens,

230 2656 342 2711 noctes
366 2646 501 2731 diesque
517 2645 557 2723 ,in
579 2643 717 2728 legendo
747 2654 779 2708 et
804 2645 1036 2729 investigando
1063 2656 1280 2730 consumeret,
1312 2647 1370 2711 do-

168 2747 170 2751 ’
230 2769 292 2812 nec
320 2746 364 2810 ad
391 2746 489 2809 finem
517 2753 708 2831 exoptatum
737 2747 951 2832 pervenisset.
1003 2745 1147 2830 Rursus,
1178 2770 1276 2834 quum
1307 2751 1372 2813 otii

230 2858 360 2934 tempus
386 2855 457 2910 erat
475 2855 508 2910 et
531 2854 656 2933 partem
679 2845 746 2910 diei
773 2847 859 2910 inter
884 2847 1006 2910 amicos
1028 2847 1133 2912 hilare
1160 2851 1373 2934 transigendi

231 2956 327 3034 gr'ata
344 2949 473 3013 occasio
494 2947 707 3029 offerebatur,
730 2970 772 3011 ne
791 2948 844 3011 bic
864 2947 996 3034 quidem
1018 2950 1163 3013 animum
1185 2972 1371 3037 corpusque

231 3052 463 3137 conquiescere
486 3048 626 3113 sinebat.
671 3048 724 3112 Ita
751 3049 964 3131 factumest,
994 3058 1031 3112 ut
1059 3051 1120 3115 sub
1148 3051 1245 3115 finem
1275 3052 1373 3115 tertii

231 3151 329 3236 hujus
348 3151 473 3214 saeculi
497 3150 648 3212 decennii
671 3151 803 3235 saepius
818 3149 972 3216 valetudo
991 3151 1063 3236 ejus
1083 3161 1314 3216 concuteretur
1338 3163 1374 3218 et

231 3251 335 3315 febris
363 3251 530 3334 tussisque
557 3249 592 3310 in
617 3249 751 3334 aliquod
780 3258 908 3336 tempus
934 3273 954 3313 a
978 3253 1082 3317 literis
1110 3261 1143 3316 et
1168 3252 1373 3319 lectionibus

233 3371 308 3413 eum
338 3348 550 3412 abstinerent.
602 3348 823 3435 Sequentibus
853 3354 949 3416 annis
979 3357 1086 3439 magis
1116 3354 1287 3418 debilitata
1318 3366 1375 3421 est

231 3448 403 3530 valetudo,
425 3470 531 3533 neque
553 3470 645 3513 acres
665 3452 844 3515 amicorum
864 3452 1108 3519 exhortationes
1137 3477 1211 3520 eum
1239 3479 1373 3542 permo-

231 3571 309 3613 vere
330 3557 521 3634 potuerunt,
544 3551 675 3635 utplus
702 3574 799 3616 curae
823 3556 950 3640 corpori
972 3554 1183 3642 impenderet.

316 3649 468 3714 Exeunte
496 3672 582 3714 anno
613 3652 694 3715 1832
724 3657 819 3737 gravi
848 3655 983 3720 vulnere
1014 3655 1192 3722 domestico
1220 3657 1374 3727 afflictus

231 3759 298 3833 est3
318 3773 404 3814 uxor
425 3751 653 3833 dilectissima,
677 3776 762 3839 quae
784 3778 887 3842 usque
909 3756 952 3819 ad
977 3755 1060 3820 illud
1081 3766 1209 3843 tempus
1238 3759 1375 3824 valetu-

232 3854 307 3917 dine
330 3853 453 3938 optima
475 3853 594 3936 gavisa
616 3862 701 3936 erat,
726 3856 835 3920 subito
863 3858 1060 3942 pneumonia
1089 3868 1254 3944 correpta,
1277 3860 1374 3925 intra

230 3976 353 4040 paucos
375 3955 445 4017 dies
470 3952 562 4016 obiit.
608 3953 804 4038 Augebatur
825 3955 917 4018 dolor
938 3978 991 4037 eu,
1022 3957 1111 4041 quod
1133 3958 1374 4026 Ferdinandus

230 4056 460 4135 Naumannus,
484 4053 624 4117 director
644 4056 787 4119 instituti
814 4055 1062 4140 Regimontani,
1093 4059 1127 4120 in
1155 4059 1242 4145 quod
1262 4060 1374 4126 homi·-

231 4177 289 4218 nes
312 4155 403 4218 surdi
423 4153 588 4240 iidemque
616 4156 699 4217 muti
726 4156 944 4241 recipiuntur,
972 4159 1097 4220 amicus
1124 4169 1156 4221 et
1186 4159 1311 4223 Patruo
1340 4176 1374 4228 et

231 4256 326 4316 uxori
360 4254 434 4338 ejus
468 4255 674 4336 carissimus,
702 4268 836 4343 accepto
860 4258 920 4322 hoc
942 4261 1071 4339 nuntio,
1095 4281 1194 4344 quum
1212 4261 1283 4344 jam
1308 4262 1374 4328 diu

231 4371 333 4433 aegra
350 4352 540 4414 valetudine
562 4351 742 4436 laboraret,
757 4356 854 4419 celeri
877 4359 974 4421 morti
1003 4359 1249 4422 succumbebat.
1271 4359 1373 4447 Mag-

231 4467 308 4508 nam
335 4448 425 4510 illam
447 4450 614 4530 jacturam
643 4453 786 4516 Patruus
814 4477 870 4535 ea,
898 4478 963 4541 qua
991 4477 1052 4542 par
1080 4466 1147 4539 est,
1178 4466 1374 4526 constantia
