2884 5184
252 421 313 482 244
693 428 944 478 Paocorrus

253 608 375 691 quidem
396 606 480 667 editi.
524 605 588 667 Sed
606 607 659 666 vel
679 606 748 686 ipse
770 614 915 666 accentus
936 613 1084 666 monstrat
1100 591 1183 680 παρόι
1203 593 1326 679 φαῦλον
1347 624 1395 661 co·

252 711 351 770 dicem
372 709 505 769 dedisse.
530 691 670 767 ⁴Dicitur
691 728 764 767 vero
789 698 870 787 παρὰ
893 709 1009 783 φαῦλον
1029 696 1169 784 ἡγεῖσθαι
1194 714 1228 764 ut
1245 691 1326 782 παρ’
1345 695 1397 763 ού-

252 808 303 871 δὲν
328 802 469 888 ἡγεῖσθαι
490 807 573 887 apnd
593 809 753 868 Demosth.
784 808 823 868 de
847 807 957 868 Ooron.
981 829 1008 867 c.
1033 804 1085 864 52.
1109 795 1181 884 παρ’
1202 795 1295 864 οὐδὲν
1315 804 1393 863 τίθε-

251 914 327 972 σθαι
346 911 467 970 Platon.
488 908 622 968 Phaedr.
638 930 664 968 c.
681 908 731 970 69.
754 909 941 971 Aristaenet.
963 910 1064 988 Epist.
1083 908 1109 966 I.
1130 904 1181 966 24.
1204 917 1236 967 et
1256 907 1334 966 alia.
1355 939 1394 946 —

253 1013 329 1090 Pag.
349 1009 401 1069 53.
423 1031 479 1091 pro
501 1006 551 1068 καί
573 1006 707 1088 λέγονται
728 1003 869 1092 μυριόδες
891 1000 1065 1089 όνθροόπων
1083 1006 1156 1067 δέκα
1177 1005 1210 1067 ἐν
1226 1009 1268 1091 τῳ
1291 997 1394 1089 πόνῳ

252 1105 347 1194 τούτῳ
366 1101 550 1171 ἀπολωλέναι
576 1111 648 1189 lege
675 1107 707 1170 ἐν
730 1115 773 1193 τῳ
798 1109 945 1195 πολέμῳ
972 1102 1076 1191 τούτῳ.
1096 1143 1138 1152 -
1166 1110 1245 1188 Pag.
1269 1109 1395 1168 71111

254 1210 287 1273 δὲ
301 1203 337 1272 ού
349 1206 484 1295 κρύβδην
498 1207 700 1289 ἐξεταζομένου
714 1211 765 1272 καὶ
783 1202 1051 1291 λαθραιότητι,
1073 1201 1166 1289 ύπερ
1184 1202 1304 1283 είιόδει,
1328 1196 1392 1267 ἄλλ’

253 1312 286 1374 ἐν
308 1313 449 1397 δημοσίῳ.
492 1314 555 1373 Ubi
574 1335 627 1373 cur
647 1315 838 1374 Alemannus
861 1310 1069 1390 λαθραίως,
1093 1303 1208 1391 ὥςπερ
1230 1313 1327 1372 scribi
1344 1313 1391 1389 ju-

253 1418 341 1489 beat,
364 1435 487 1475 causam
509 1416 625 1475 nullam
644 1414 746 1475 video.
790 1417 923 1475 Dativus
942 1414 1065 1492 saepius
1084 1412 1128 1471 sic
1143 1413 1286 1474 adverbii
1308 1414 1392 1473 vices

254 1518 375 1597 explet,
397 1525 431 1575 ut
453 1516 537 1599 δίκη,
560 1516 690 1599 σπουδῇ,
711 1514 859 1599 ἐπιμελείᾳ
876 1525 934 1576 etc.
956 1549 996 1556 —
1025 1514 1103 1592 Pag.
1124 1512 1173 1575 86.
1196 1515 1391 1576 Justinianus

254 1610 348 1695 ὥςπερ
365 1639 408 1688 τις
422 1607 551 1693 ποταμός
570 1605 695 1688 ύὲνυαος
712 1614 741 1689 ἐς
761 1608 875 1697 ἡμέραν
891 1609 1018 1694 ἕκύστην
1031 1610 1238 1693 ἐκδηϊοόμενος
1257 1617 1392 1692 κατεληλ-

254 1722 316 1791 ζετο
329 1709 398 1790 τοὺς
411 1709 571 1795 ὑπηκόους.
606 1717 699 1795 Quod
714 1718 826 1779 Saidas
843 1718 998 1778 transtulit
1018 1719 1049 1775 in
1071 1738 1158 1777 suum
1178 1720 1306 1778 lexicon
1323 1740 1348 1776 s.
1362 1738 1389 1774 v.

255 1809 393 1894 όένναος,
421 1821 535 1878 ultimis
564 1820 608 1879 sic
634 1822 759 1879 mutatis
789 1810 917 1897 ἐκύστην
942 1810 1032 1900 ἐδῄου
1054 1838 1084 1877 τε
1112 1815 1163 1877 καί
1189 1820 1302 1896 ληίζετο
1326 1808 1389 1888 τούς

252 1913 412 1997 ὑπηκόους.
457 1919 521 1980 Sed
537 1920 663 1981 Suidam
682 1922 856 1980 memoriter
870 1921 1052 2000 Procopium
1070 1921 1180 1979 citasse
1195 1922 1316 1979 notavit
1327 1922 1388 1997 jam

254 2022 444 2081 Alemannus
471 2004 511 2078 ad
533 2021 650 2080 calcem
672 2019 830 2094 editionis,
858 2021 911 2081 ubi
933 2022 1105 2099 fragmenta
1126 2009 1298 2081 όνεκδότων
1318 2021 1385 2079 Pro-

256 2122 336 2202 copii
359 2142 399 2181 ex
418 2120 514 2184 Suida
536 2120 675 2199 collegit3
700 2123 801 2182 omisit
820 2132 936 2197 tamen,
960 2141 1039 2202 quae
1061 2122 1117 2181 sub
1138 2142 1216 2181 voce
1235 2114 1328 2201 όριιος
1346 2122 1385 2180 le-

255 2232 381 2302 guntur,
402 2223 535 2303 repetita
555 2224 611 2281 illa
631 2243 656 2281 s.
671 2243 701 2281 v.
723 2218 862 2295 ἐκτόπως.
905 2222 1088 2282 Adscribam
1106 2222 1199 2296 haec,
1220 2231 1254 2282 ut
1274 2232 1386 2302 pateat,

256 2334 402 2407 quantum
429 2324 619 2384 auctoritatis
643 2322 758 2384 Suidae
785 2324 817 2382 in
839 2324 991 2404 Procopio
1016 2323 1211 2384 tribuendum
1232 2327 1282 2384 sit.
1310 2314 1387 2382 ἐκτό-

255 2445 326 2497 πως.
356 2417 503 2503 μεγάλως,
525 2415 678 2506 ἆπρεποῖς,
698 2419 963 2504 παρηλλαγμένως,
986 2413 1144 2505 όφορητως

462 2518 553 2605 ύρκος
574 2527 673 2600 φιλεῖν
691 2517 856 2604 όίνδρωπον
877 2517 1005 2597 ἐκτόπως
1025 2519 1107 2604 ηύχει

255 2615 317 2684 εἶθ’
341 2617 464 2705 ύστερον
489 2622 649 2704 ἐρασθεῖσα
674 2616 766 2698 αὐτοῦ
798 2621 830 2683 ἐν
855 2618 1044 2710 παραβύστῳ.
1093 2628 1182 2686 Haec
1210 2628 1384 2708 interpretes

256 2724 371 2784 Suidae
387 2726 431 2784 sic
450 2735 611 2805 ceperunt,
634 2729 724 2807 quasi
739 2728 949 2787 cohaererent.
995 2727 1058 2787 Sed
1077 2727 1198 2788 Scazon
1215 2729 1268 2788 ille
1286 2729 1384 2789 Babrii

256 2846 325 2886 esse
348 2826 485 2900 videtur,
508 2837 571 2887 tum
589 2828 734 2908 Procopii
755 2829 850 2888 verba
869 2830 1035 2888 afferuntur
1054 2849 1125 2908 pag.
1145 2828 1193 2904 3.,
1214 2830 1297 2912 quod
1316 2853 1381 2912 quo·

255 2927 345 2987 modo
373 2926 413 2986 ad
444 2922 572 3001 ἐκτόπως
599 2931 767 3010 pertineat,
801 2951 841 2989 ex
869 2931 934 3010 ipso
966 2950 1059 3009 opere
1085 2931 1186 2990 statim
1214 2933 1381 3013 apparebit:
1409 2945 1410 2956 ²

255 3016 318 3086 εἷθ’
338 3019 461 3107 ύστερον
481 3020 574 3092 αύτοῦ
601 3029 761 3114 ἐρασθεῖσα
787 3023 916 3102 ἐκτόπως
938 3027 970 3091 ἐν
993 3033 1035 3113 τῷ
1064 3025 1180 3115 διάπλῳ
1202 3028 1311 3118 τούτῳ,
1338 3029 1381 3091 καὶ

256 3120 422 3207 κατακορὴς
438 3135 577 3207 γεγονυῖα
596 3135 637 3215 τῳ
652 3123 762 3207 πόθει,
784 3120 954 3191 ἀπεσείσατο
973 3127 1028 3210 μὲν
1045 3133 1137 3192 θείων
1152 3154 1182 3193 τε
1201 3132 1252 3194 καί
1271 3125 1380 3212 ἇνδρω-
1408 3103 1409 3152 l

255 3229 351 3288 πίνων
370 3222 552 3307 πραγμάτων
576 3230 641 3304 δέος
666 3254 696 3292 τε
717 3228 769 3292 καὶ
789 3231 865 3291 αἰδῶ
886 3225 1060 3310 ξύμπασαν
1090 3232 1227 3314 ἐμίγνυτο
1256 3233 1288 3297 δέ
1310 3227 1380 3316 adipi

254 3320 291 3387 rol
312 3324 366 3404 μὲν
386 3331 488 3405 πρῶτα
508 3327 540 3387 ἐν
556 3323 746 3416 παραβύστῳ.
786 3333 882 3393 Vides
897 3335 990 3411 igitur
1005 3336 1146 3411 Suidam,
1168 3339 1221 3398 vel
1245 3342 1297 3420 qui
1309 3341 1377 3418 glos·

255 3448 306 3486 sas
328 3428 471 3507 Procopii
499 3429 628 3509 adjecit,
656 3435 754 3512 prima
780 3444 897 3495 tantum
919 3447 951 3496 et
977 3447 1131 3516 postrema
1155 3441 1254 3500 verba
1278 3441 1378 3501 exscri-

254 3530 368 3609 psisse,
390 3530 512 3610 reliqua
525 3533 586 3592 alio
601 3534 707 3595 forsan
724 3544 860 3615 tempore
880 3538 1074 3616 expleturus,
1097 3541 1179 3620 quod
1198 3562 1267 3602 cum
1285 3553 1378 3623 postea

254 3631 459 3709 neglexisset,
488 3633 570 3693 unde
592 3636 670 3695 haec
689 3638 786 3697 verba
813 3639 924 3697 hausta
946 3641 1020 3713 sint,
1047 3643 1235 3702 recentiores
1258 3643 1376 3703 editores

254 3732 353 3791 latuit.
375 3767 417 3776 —
439 3734 515 3811 Pag.
532 3732 581 3793 91.
604 3720 648 3794 τόν
668 3729 706 3814 δὴ
727 3742 768 3818 τῳ
786 3727 911 3816 όνόματι
928 3739 960 3799 oi
977 3738 1023 3800 ἐπὶ
1045 3744 1096 3819 της
1114 3735 1205 3821 ἀρχῆς
1224 3740 1377 3822 τεταγμένοι

255 3822 424 3912 ἀδεέστερον
441 3824 488 3893 oiri
508 3837 573 3905 ταῖς
598 3832 627 3907 ἐς
648 3828 716 3911 τούς
738 3832 902 3917 κατηκόους
927 3841 1052 3918 ληιστί
1057 3865 1116 3913 αις
1137 3840 1273 3922 ἐχρῶντο.
1313 3847 1376 3902 For-

254 3941 337 3993 tasse
359 3934 552 3994 scribendum
574 3937 802 4014 ληῑστείαις;
825 3942 952 4002 formam
965 3963 1027 4003 non
1044 3943 1199 4004 diductam
1216 3946 1317 4006 lexica
1333 3968 1377 4005 no·

254 4042 374 4092 verunt.
396 4066 438 4077 -
459 4035 536 4114 Pag.
557 4036 607 4096 93.
630 4027 705 4117 ἆρύς
725 4060 755 4099 τε
776 4034 876 4114 πόσας
893 4040 1048 4121 ἐπέβαλεν,
1078 4037 1146 4105 όσαι
1165 4037 1239 4128 πρός
1259 4050 1316 4107 τῶν
1330 4067 1377 4105 πα-

254 4125 416 4193 λαιοτάτων
438 4127 698 4215 ὠνομασμέναι
727 4141 800 4202 εἰσίν
818 4144 898 4205 bene
920 4166 968 4205 me
992 4146 1171 4206 emendasse
1193 4149 1301 4222 eredo,
1328 4166 1375 4206 νε-

254 4232 484 4323 νομισμέναι
506 4237 588 4298 εἰσίν.
637 4240 757 4302 Eadem
784 4247 898 4324 pagina
926 4248 958 4304 in
985 4247 1103 4307 verbis:
1132 4242 1255 4332 ὕστερον
1281 4246 1311 4308 δὲ
1333 4243 1374 4306 καὶ

253 4325 324 4392 όίλλο
342 4357 370 4393 τι
391 4331 613 4416 ἐπετεχνησατο,
635 4330 728 4420 ιἰκοῇς
748 4348 892 4424 κρεῖσσον.
938 4350 1005 4408 Τῶν
1024 4338 1138 4427 ἄρχων,
1161 4341 1251 4429 όςπερ
1266 4337 1373 4422 όξιατί·

254 4450 305 4496 τας
324 4431 357 4489 ἐν
377 4454 407 4491 τε
421 4437 573 4520 Βυζαντίῳ
593 4438 644 4500 καὶ
660 4436 762 4505 πόλεσι
776 4450 841 4516 ταῖς
855 4439 958 4521 ύλλαις
977 4441 1048 4530 ᾤετο
1064 4442 1156 4527 εἶναι,
1179 4441 1277 4511 ούιιέιι
1294 4440 1370 4524 ύπεμ-
