2884 5184
359 458 548 518 ouranos
572 458 838 511 snsuuauus.

693 625 751 694 dou
772 631 901 717 κταμίνη
921 627 1042 717 ἐπεῴκει

239 730 272 792 ἐν
290 729 364 813 ινορὶ
382 727 653 813 συγχεάαοθαι
675 726 825 817 ἐϋκτεάνφ
844 734 987 819 βασιλείῃ.

23 837 92 913 lege
111 834 387 914 ονγκείασθαι.

25 935 169 996 Ueterum
196 957 230 995 v.
251 934 324 994 490.
353 931 478 995 κέασοεν
502 958 558 1016 pro
581 934 726 1001 κίίασαεν
743 938 852 1017 reponi
875 956 998 1019 quoque
1014 939 1108 1016 jussit
1130 938 1168 997 C.

24 1039 60 1095 Ε.
83 1037 284 1110 Glasewald,
304 1037 430 1115 juvenis
459 1039 591 1116 optimae
613 1040 695 1119 spei,
724 1041 757 1099 in
779 1037 997 1116 Oonjectaneis
1014 1040 1048 1098 in
1068 1037 1165 1117 Quin·

24 1147 85 1198 tum
99 1138 326 1218 Smyrnaeum,
349 1137 537 1215 Vitebergae
552 1160 652 1219 nuper
668 1140 759 1200 editis
780 1160 812 1219 p.
831 1137 861 1198 9.
892 1139 979 1200 Idem
1002 1161 1034 1220 p.
1051 1140 1100 1198 17.
1119 1138 1166 1198 18.

25 1241 193 1319 respiciens
223 1260 416 1319 programma
450 1242 644 1303 auctumnale
673 1251 810 1301 nostrum
846 1241 968 1320 (Progr.
993 1241 1023 1299 5.
1054 1239 1169 1318 1816.),

27 1351 94 1401 ante
119 1361 240 1401 annum
268 1342 400 1415 editum,
428 1343 482 1402 ubi
506 1342 576 1421 (lib.
600 1341 630 1402 9.
660 1364 690 1403 v.
720 1339 806 1420 132.)
836 1352 951 1403 certam
977 1343 1015 1403 ob
1044 1362 1168 1403 causam

26 1440 87 1519 μίη
107 1444 140 1500 in
167 1440 265 1520 μίγη
287 1451 529 1518 mutaveramus,
555 1454 618 1505 tres
647 1451 811 1524 praeterea
832 1444 917 1504 locos
938 1443 1047 1523 Quinti
1069 1445 1167 1516 affert,

28 1543 77 1600 ubi
96 1541 150 1620 μίη
172 1554 332 1604 occurrat:

29 1644 61 1716 7,
86 1643 156 1704 163.
239 1636 393 1726 πυρκαϊὴν
414 1637 477 1723 άμα
498 1648 572 1706 πᾶσι
593 1643 682 1725 μίην
699 1641 944 1724 περινηήσαντες,

32 1743 82 1818 11,
103 1745 177 1805 361.
359 1749 426 1828 μιῇ
448 1736 477 1807 d’
498 1740 580 1807 άιιαν
601 1740 730 1827 ἥρμοσεν
750 1738 852 1831 άρμη

31 1855 58 1906 et
72 1846 118 1921 13,
135 1846 210 1908 348.
237 1840 290 1923 νὺξ
312 1845 345 1907 δὲ
364 1848 430 1926 μίη
450 1870 517 1926 μιν
537 1846 628 1925 ἔφηνε
649 1845 700 1908 καί
723 1846 789 1909 olto
809 1847 899 1929 πατρί
917 1845 1033 1929 γέροντι

238 1940 329 2026 ἤπιον
350 1945 503 2029 ἐκπάγλως
522 1946 573 2009 καὶ
595 1939 734 2028 άμεμφία
752 1949 839 2011 παιδί
858 1954 960 2029 τοκῆα.

33 2048 128 2129 Atque
157 2051 191 2109 in
222 2051 319 2128 primo
342 2050 466 2130 quidem
485 2052 554 2111 loco
578 2050 668 2128 μίαν
688 2054 756 2132 ipse
779 2053 922 2129 corrigit,
956 2051 1085 2113 secundi
1104 2072 1167 2111 non

34 2153 124 2212 minus
152 2153 280 2212 facilem
303 2152 547 2213 emendationem
574 2156 776 2231 pronuntians
792 2155 946 2233 ,rescripto
968 2144 1166 2235 μιῇ-άρμη.

33 2251 128 2328 Βεοο;
155 2273 232 2313 nam
253 2253 449 2333 Tychsenius
475 2255 610 2334 pessime
635 2254 732 2315 edidit
758 2246 955 2332 μίη-άρμη.
999 2252 1063 2312 Sed
1091 2253 1165 2311 Gla-

35 2354 206 2414 sewaldium
229 2354 443 2415 Rhodomanni
471 2356 637 2416 editionem
665 2375 729 2414 non
756 2355 930 2433 inspexisse
953 2355 1062 2433 liquet.
1106 2353 1167 2412 Hic

38 2456 109 2514 enim
124 2458 191 2534 jam
214 2447 400 2539 μιῇ-ὅρμη
415 2456 519 2517 habet.
556 2457 685 2538 Neque,
701 2456 762 2516 hac
784 2457 938 2534 inspecta,
962 2454 1167 2514 difficiliorem

38 2557 275 2619 emendationem
302 2560 386 2618 tertii
412 2559 547 2638 exempli
576 2558 720 2631 dixisset,
755 2577 858 2637 neque
889 2556 1046 2636 Spitzuer,
1084 2556 1168 2637 quod

38 2674 107 2732 pace
127 2659 196 2721 Viri
217 2661 397 2720 Doctissi'mi
425 2659 569 2734 dixerim,
603 2679 761 2740 apponere
784 2659 930 2736 jussisset
955 2651 1008 2733 νὺξ
1033 2655 1087 2735 μία
1113 2653 1169 2736 μέν

38 2776 85 2830 μιν
106 2756 204 2839 ἔφηνε.
251 2761 465 2822 Rhodomanni
493 2763 572 2822 euim
600 2762 694 2821 editio
721 2761 816 2820 habet
838 2750 892 2833 νὺξ
919 2756 953 2819 δέ
976 2781 1043 2837 μιν
1072 2745 1093 2836 ἦ
1100 2780 1168 2837 μιν

41 2852 135 2936 ἔφηνε,
156 2865 241 2945 quod
262 2884 325 2923 non
348 2885 415 2923 cum
436 2863 659 2923 Rhodomanno
680 2864 712 2921 in
733 2853 787 2936 νὺξ
810 2857 843 2919 δὲ
855 2859 908 2938 μίη
921 2883 974 2937 μιν
990 2860 1168 2921 mutandum

41 2957 103 3034 fuit,
129 2966 184 3025 sed
213 2976 266 3026 aut
292 2962 543 3046 relinquendum,
580 2971 646 3036 aut,
676 2962 759 3043 quod
786 2962 945 3041 praefero,
977 2950 1032 3033 νῦξ
1055 2957 1087 3020 δὲ
1112 2950 1165 3038 μί’

41 3050 124 3136 ἡμίν
144 3063 237 3146 ἔφηνε
255 3067 496 3129 rescribendum.

529 3234 600 3292 Lm.
623 3233 665 3292 H.
744 3256 750 3271 ·

43 3379 69 3419 V·
88 3362 114 3424 1·
180 3359 183 3364 ¹
241 3358 349 3448 Αὖιάρ
370 3365 431 3428 {sset
455 3355 592 3448 κορυφάς
613 3354 709 3447 ὁρίων
725 3356 1019 3446 ὖιιερηχηίνιων

239 3459 374 3550 λαμπρὸν
395 3462 469 3548 ὑπὲρ
490 3464 568 3545 φάος
589 3453 684 3546 ἦλθεν
703 3459 831 3550 άτειρίος
852 3458 970 3546 ηἐλίοιο.

45 3560 99 3639 Qui
121 3570 180 3631 sint
201 3581 319 3633 montes
339 3562 564 3652 ὑπερηχηενιες,
593 3572 715 3647 nesci03
745 3568 951 3648 disjungenda
973 3577 1057 3641 sunt,
1085 3588 1166 3647 quae

45 3668 114 3730 male
131 3676 325 3734 coaluerunt:
345 3662 439 3752 ὀρέων
458 3663 550 3749 ὅπερ
570 3660 775 3749 ηχηίνιαν.
808 3669 983 3730 Secundum
1005 3660 1081 3747 ὑπὲρ
1097 3688 1167 3746 per·

45 3766 113 3830 tinet
132 3775 171 3835 ad
188 3762 298 3855 ἦλθεν,
318 3772 572 3855 quemadmodum
596 3792 626 3828 v.
648 3768 718 3830 123.

240 3863 316 3953 ἦμος
340 3865 368 3933 d’
390 3862 541 3952 ἠλιβάτων
559 3861 653 3950 ὀρέων
673 3862 870 3950 descisceret
887 3861 982 3948 άκρης

241 3970 373 4054 λαμπρὸς
392 3961 443 4034 ἀν’
465 3961 600 4052 νάρανόν
620 3961 712 4052 εὐρὺν
726 3963 907 4051 Ἐωςφόρος

49 4085 74 4125 v·
94 4069 140 4134 27.
245 4061 386 4153 ὦφίλος,
403 4063 461 4153 ἠδ’
479 4067 563 4137 άίίοι
580 4076 693 4154 Τρῶες,
709 4070 855 4151 σθεναροί
869 4059 896 4130 τ’
916 4067 1084 4151 ἐπίκουροι,

50 4165 144 4235 Scribo
165 4178 203 4238 οἱ
220 4167 251 4238 δ’
274 4171 368 4239 ἄλλοι.
404 4177 486 4238 Nam
507 4177 630 4237 sibene
652 4176 789 4247 memini,
808 4178 894 4232 cetea
913 4170 1029 4248 Quinto
1048 4191 1168 4251 semper

50 4264 176 4338 dicuntur
193 4278 225 4338 οἱ
240 4272 341 4356 ἄλλοι,
362 4288 397 4339 ut
416 4280 598 4359 plerumque
620 4278 712 4337 etiam
732 4278 765 4336 in
784 4273 946 4354 Odyssea3
969 4272 1009 4352 cf.
1028 4273 1118 4332 Nost.
1138 4270 1167 4345 2,

52 4362 93 4427 ¹3·
113 4375 160 4437 73.
182 4379 240 4442 od.
264 4379 298 4455 9,
323 4379 375 4441 61.
393 4413 436 4425 -
457 4401 487 4439 v.
508 4379 560 4439 46.
583 4400 638 4459 pro
660 4375 766 4456 δαμείη
785 4378 857 4454 lege
879 4372 1021 4457 δαμείη
1042 4383 1167 4453 propter

52 4483 169 4551 ⁸tquens
189 4478 319 4562 γένηται.
340 4517 383 4526 -
400 4504 432 4542 v.
452 4481 502 4543 56.
