2884 5184
204 417 246 478 44
534 420 719 481 comtos
742 417 1008 468 surerenas.

206 599 331 662 ἕκαστον
354 590 610 674 ἐπικεκλυσμένην
636 591 693 672 ἔχει
714 582 771 671 τὴν
793 579 952 670 δπδβασιν.
997 591 1062 654 8οδ
1081 594 1158 653 nihil
1179 595 1261 653 hinc
1279 614 1343 673 pro

205 702 323 763 ficimus
350 698 391 757 ad
411 698 513 759 locum
540 695 648 775 Quinti
673 694 906 756 restituendum.
950 693 1040 773 Quae
1073 716 1155 755 nunc
1185 696 1345 773 leguntur,

207 821 245 861 ea
272 801 383 881 partim
410 820 450 859 ex
478 801 656 878 conjectura
678 795 894 857 Rhodomanni
920 796 965 855 ita
991 796 1106 875 scripta
1132 805 1225 871 sunt;
1257 805 1347 855 antea

205 902 368 980 legebatur
395 910 459 962 tum
486 901 635 961 adversus
657 907 802 972 metrum,
828 906 894 958 tum
919 906 954 958 ut
981 898 1166 959 sententiam
1190 918 1262 958 non
1280 917 1347 977 per-

207 1004 358 1084 spiceres:

457 1093 561 1162 ὅντινα
580 1102 699 1181 πρῶτον
719 1089 784 1179 μετ’
806 1090 936 1181 ἆνδριίσι
954 1090 1170 1181 γεινομένοισιν

336 1192 484 1280 δνδρᾶσιν
502 1197 535 1262 la
550 1200 704 1264 πολίεσσιν
725 1212 784 1264 etc.

208 1307 249 1367 ad
277 1325 368 1388 quem
392 1305 494 1364 locum
519 1304 598 1364 haec
632 1313 678 1364 est
703 1303 918 1365 Rhodomanni
949 1314 1039 1365 notat
1075 1305 1145 1379 „hic
1179 1324 1249 1363 non
1281 1304 1349 1363 leve

208 1408 350 1471 mendum
373 1416 434 1479 est,
458 1426 498 1466 ex
513 1405 632 1465 librarii
646 1390 809 1466 oscitantia
826 1415 934 1467 ortum.
969 1406 1085 1467 Nescio
1101 1415 1223 1480 antem,
1250 1414 1351 1466 utrum

207 1500 264 1572 ὕπ’
294 1498 420 1590 despota
449 1528 489 1568 an
520 1527 595 1568 vero
624 1495 719 1587 νδγνς
749 1506 914 1586 legendum
940 1508 988 1567 sit.
1037 1508 1075 1566 In
1101 1509 1252 1586 proximo
1282 1508 1351 1566 huic

209 1633 302 1674 versu
315 1608 480 1689 legendnm
492 1607 615 1668 videtur
629 1597 778 1689 ἇνδροὶσιν
793 1598 813 1686 ἢ
826 1606 1008 1668 ποίίεσσιν.“
1042 1608 1134 1668 Unde
1149 1599 1199 1668 ἐπ’
1216 1596 1351 1691 δνδριίσι

209 1714 346 1785 venerit,
372 1710 488 1770 nescio.
533 1707 598 1769 Sed
622 1717 656 1769 nt
682 1719 816 1783 taceam,
848 1728 940 1790 qnam
964 1728 1073 1788 parum
1101 1711 1283 1773 verisimile
1307 1714 1350 1779 sit,

210 1803 258 1874 ἐπ’
280 1821 386 1873 contra
406 1818 534 1870 metrum
556 1830 575 1868 a
593 1810 729 1870 librariis
753 1811 785 1869 in
807 1798 869 1888 μετ’
892 1819 1039 1873 mutatum
1058 1831 1142 1885 esse,
1168 1820 1287 1872 tamen
1308 1833 1349 1872 re·

209 1915 337 1996 petitum
368 1909 445 1971 illud
473 1899 624 1989 dvdpoe‘ctv
647 1919 712 1970 tum
741 1919 858 1971 tantum
887 1912 1013 1993 placere
1040 1914 1151 1993 possit,
1190 1915 1218 1973 si
1250 1934 1296 1975 ex
1325 1909 1353 1972 ἒν

210 2004 362 2074 πολέεσσιν
387 2032 477 2073 ernas
502 2011 659 2092 epitheton
680 2012 849 2085 hominum,
878 2012 961 2094 quod
981 2013 1019 2072 iis
1040 2016 1072 2073 in
1091 2015 1150 2075 hoc
1168 2018 1353 2077 sententiae

209 2136 293 2178 nexu
320 2114 498 2188 conveniat,
528 2113 671 2195 qnodque
701 2133 754 2174 eos
782 2114 910 2193 imperio
931 2112 1026 2192 Αίσης
1046 2116 1131 2175 nullo
1153 2115 1252 2177 modo
1277 2119 1353 2178 resi·

210 2230 292 2280 atero
318 2237 408 2299 posse
433 2215 558 2276 indicet.
602 2215 683 2275 Nam
712 2216 864 2293 cogitasse
888 2213 1034 2293 Quintum
1064 2216 1102 2277 de
1127 2219 1197 2292 satta
1225 2222 1354 2289 urbam,
1416 2256 1417 2267 ι

210 2319 294 2404 quod
315 2318 479 2380 somniavit
500 2318 714 2399 Dausqneius,
742 2336 814 2397 pag.
837 2312 915 2389 223,
944 2337 1050 2391 nemo,
1073 2318 1125 2400 qui
1146 2316 1264 2395 Quinti
1287 2341 1354 2379 ora·
1415 2298 1418 2365 i

208 2424 324 2483 tionem
356 2428 551 2501 perspectam
581 2418 690 2491 habet,
726 2417 785 2477 sibi
817 2416 998 2496 persuaderi
1031 2420 1173 2499 patietur.
1231 2421 1361 2503 Neque,

209 2520 323 2601 respici
336 2529 469 2581 meretur
485 2519 583 2579 altera
596 2517 686 2577 huius
702 2519 760 2577 viri
776 2519 968 2596 conjectura,
987 2506 1134 2599 ἇνδρδσιν
1151 2509 1171 2599 ἢ
1188 2508 1356 2599 (istodoro,
1419 2528 1420 2537 ’

211 2619 294 2705 qnod
305 2641 394 2681 nemo
408 2619 612 2696 intelligeret,
627 2619 686 2678 nisi
700 2619 767 2698 ipse
783 2618 949 2698 adjecisset
964 2621 1134 2701 „siquidem
1149 2622 1213 2682 fata
1233 2623 1357 2685 dantur

209 2721 406 2784 nascentibus
423 2729 453 2781 et
466 2720 665 2800 perficiuntur
679 2719 909 2779 morientibus.“
946 2720 1024 2795 Sed,
1046 2730 1080 2782 nt
1095 2722 1134 2781 ad
1147 2724 1216 2802 ipsa
1235 2723 1357 2802 Quinti

210 2826 306 2887 verba
329 2822 508 2896 redeamus,
536 2822 749 2901 gravissimam
774 2820 885 2881 vulnus
910 2822 1013 2882 nullus
1035 2822 1183 2884 editorum
1203 2827 1355 2902 animad-

209 2927 340 2989 vertisse
361 2923 498 2999 videtur,
525 2923 608 3006 quod
626 2924 659 2983 in
681 2943 717 2984 eo
740 2924 836 2996 inest,
862 2922 945 3003 quod
965 2913 1081 3001 ὅντινα,
1109 2925 1149 2985 ad
1169 2916 1244 2985 νόον
1265 2930 1354 2988 rela-

209 3039 288 3104 tum,
317 3028 500 3089 sententiam
524 3027 617 3087 totius
644 3026 706 3086 loci
728 3023 846 3102 turbat3
875 3045 947 3085 nam
971 3027 1039 3106 quis
1060 3047 1196 3109 unquam
1218 3027 1356 3105 dixerit,

210 3122 291 3190 Αἶσα
311 3118 494 3188 madesco
514 3118 586 3185 νόον
603 3119 786 3205 ἀνθρώποις.
822 3125 972 3206 Apertum
990 3147 1058 3188 esse
1073 3128 1208 3203 videtur,
1231 3130 1357 3193 deesse

210 3228 447 3298 substantivum,
469 3226 560 3306 quale
583 3235 629 3285 est
649 3217 779 3301 πότμον,
801 3225 884 3307 qnod
906 3226 947 3287 ad
962 3216 1065 3288 ὅντινα
1079 3228 1282 3292 referendum
1304 3237 1355 3294 sit.

212 3326 276 3389 Sed
295 3345 470 3405 pergamus.

210 3450 241 3488 v.
254 3423 326 3486 284.
349 3414 387 3502 δὴ
407 3413 468 3484 τότ’
494 3413 546 3484 ἐπ’
565 3414 740 3505 Ἀργείοισιν
759 3416 919 3507 ὑπέρτερον
934 3419 1049 3508 ὤρνυτο
1062 3421 1177 3510 θάρσος

210 3530 403 3607 conjeceram
422 3522 459 3586 ἐν
476 3514 661 3605 Ἀργείοισιν.
703 3528 779 3586 Mox
798 3548 866 3588 cnm
886 3529 1046 3603 vidissem,
1070 3529 1233 3590 editionem
1256 3542 1355 3594 vete·

208 3653 273 3693 rem
294 3628 554 3712 praepositionem
573 3646 696 3708 prorsus
716 3630 877 3707 ignorare,
900 3631 1046 3710 optimum
1065 3630 1241 3702 videbatur,
1270 3632 1355 3694 dua-

208 3734 266 3793 bus
283 3732 380 3792 literis
399 3730 448 3790 bis
468 3729 589 3808 scriptis
606 3728 707 3789 locnm
723 3731 885 3790 restituere
899 3732 959 3790 sic:
984 3718 1022 3807 δὴ
1043 3719 1104 3790 τότ’
1128 3720 1185 3811 ἄρ’
1202 3719 1357 3812 Ἀργείοι.
1420 3788 1421 3801 ,

209 3850 259 3895 σιν
278 3842 337 3894 etc.
358 3829 530 3890 -Statim
551 3849 581 3888 v.
601 3825 673 3889 286.
694 3849 751 3909 pro
770 3820 835 3906 μετ’
854 3819 1029 3910 Ἀργείοισιν
1048 3821 1161 3907 δμννεν
1180 3831 1250 3909 lege
1278 3823 1356 3913 μέγ’
1420 3810 1421 3859 l

206 3924 383 4014 Ἀργείοισιν
399 3923 513 4008 δμννεν
534 3950 575 3990 ex
593 3939 744 4009 perpetuo
767 3928 874 4007 Quinti
895 3951 963 3991 usu.
983 3964 1025 3975 —
1047 3952 1077 3990 v.
1101 3927 1173 3991 368.
1204 3931 1268 3991 (lar
1291 3957 1356 4015 pro

208 4031 449 4111 νίγιοιλοίσιν
473 4029 576 4091 malim
605 4021 847 4108 ἀλλήλοισιν,
882 4031 1008 4109 longum
1036 4040 1083 4091 est
1110 4032 1169 4091 hoc
1194 4033 1263 4091 loco
1293 4054 1355 4094 ex·

208 4153 340 4214 ponere,
365 4141 396 4193 et
421 4132 567 4192 attentius
594 4139 690 4191 totam
718 4133 977 4211 comparationem
999 4130 1172 4212 perlegenti
1193 4132 1289 4193 facile
1316 4156 1357 4196 se

208 4232 425 4313 probabit-
452 4232 503 4291 De
529 4252 559 4291 v.
584 4229 657 4291 361.
686 4233 726 4292 cf.
748 4232 864 4292 Adnot.
892 4231 934 4292 ad
966 4230 997 4303 l,
1025 4230 1115 4306 490,
1144 4232 1183 4292 ds
1212 4253 1243 4290 v.
1268 4230 1355 4294 365.

208 4329 323 4391 Adnot.
345 4331 386 4390 ad
407 4329 442 4406 3,
466 4328 535 4391 184.
559 4365 601 4375 -
626 4353 656 4391 v.
680 4330 753 4393 367.
772 4334 835 4412 legi
857 4322 1093 4413 ἆρηρδμενοι
1115 4333 1266 4393 sententia
1289 4335 1352 4394 fla·

208 4430 301 4508 gitat3
325 4430 364 4490 cf,
379 4451 410 4489 v.
429 4429 501 4490 376.
525 4423 835 4512 σνννρηρᾶμενοι
857 4423 889 4493 δ’
903 4429 1056 4510 tommo.
1073 4464 1117 4477 -
1137 4454 1169 4492 v..
1185 4431 1257 4492 379.
1273 4436 1359 4515 quio=
