2884 5184
251 425 312 487 tuo
590 432 849 480 FRAGMENTA
872 431 1040 481 cunnos

333 612 411 672 Cum
427 611 560 672 lectione
579 610 834 670 Bnnemanniana
856 609 1008 668 consentit
1027 631 1045 670 e
1067 611 1180 670 nostris
1199 611 1383 672 editionibus

248 716 314 776 sola
333 715 369 773 B.
391 712 497 772 Editio
515 713 545 770 D
565 731 657 786 vero,
686 732 766 793 quae
787 714 864 773 alias
890 714 923 772 in
944 712 1152 772 minutissimis
1173 713 1255 773 adeo
1278 714 1381 791 vulga-

247 827 298 878 tae
319 816 481 887 adhaeret,
508 814 559 873 bic
580 814 740 894 paulisper
760 835 780 872 a
801 816 912 875 ceteris
933 813 1068 891 recedit3
1093 816 1226 895 praebet
1248 816 1332 875 enim
1354 812 1383 875 έν

244 922 306 990 τοῖς
319 909 478 992 τοιούτοις,
501 925 532 976 et
546 905 778 994 ἀποκατέστησε,
801 927 832 977 et
843 938 952 978 vocem
966 913 1102 989 ἐκπιέσας
1118 937 1250 997 prorsus
1267 920 1380 976 omittit.

244 1022 282 1080 ln
303 1027 378 1079 nota
395 1025 558 1098 praeterea
579 1016 715 1092 additur,
744 1018 881 1081 codicem
899 1019 990 1078 Bodl.
1011 1021 1127 1080 babere
1145 1018 1186 1091 εἰς
1203 1012 1237 1078 τὸ
1262 1008 1381 1098 ἀρχαῖον

245 1112 344 1205 ἆνύγῃ
368 1117 420 1181 καὶ
444 1110 496 1181 τὸν
520 1118 599 1180 ἴδιον
626 1113 805 1196 καταστήσει
829 1111 958 1196 κόσμον·
996 1121 1060 1182 Sed
1080 1122 1216 1182 maxime
1234 1142 1378 1181 memora-

243 1227 314 1288 bilis
344 1233 391 1285 est
413 1223 506 1284 lectio
536 1220 678 1281 editionis
697 1221 745 1294 A,
771 1242 852 1301 quae
876 1223 908 1282 in
939 1224 1051 1284 ceteris
1073 1245 1142 1284 cum
1162 1224 1294 1302 vulgata
1313 1244 1377 1282 con-

243 1328 353 1401 sentit,
388 1326 448 1385 nisi
480 1322 563 1405 quod
596 1323 740 1403 praebet,
774 1319 826 1381 καὶ
851 1318 906 1399 τὴν
939 1321 1047 1384 έαντοῦ
1078 1319 1223 1404 βούλησιν
1238 1337 1240 1340 ’
1255 1322 1379 1385 τουτέστι

242 1418 275 1489 cd
309 1417 430 1507 ἀγαθὸν
464 1417 631 1503 οἰντεριέσας
666 1432 697 1484 et
728 1445 799 1484 mox
828 1420 970 1497 έκτταέσας
1001 1447 1056 1505 pro
1083 1423 1228 1500 ἐκπιέσας.
1280 1428 1377 1488 Editio

243 1531 269 1591 O
286 1530 411 1591 tandem
432 1531 465 1589 in
483 1548 521 1588 eo
544 1547 612 1586 cum
631 1525 705 1586 edit.
726 1525 756 1584 Α
779 1528 950 1605 conspirat,
979 1529 1062 1608 quod
1080 1551 1135 1609 pro
1157 1533 1219 1601 τοῖς
1237 1523 1379 1599 τοιούτοις

243 1640 275 1691 et
294 1632 363 1710 ipsa
384 1630 514 1711 praebet
531 1625 675 1704 coercione,
704 1627 761 1687 sed
782 1628 815 1687 in
835 1627 964 1707 reliquis
982 1650 1001 1689 a
1022 1632 1149 1709 vulgata
1168 1654 1231 1692 non
1251 1631 1375 1692 recedit.

241 1733 409 1793 Videamus
432 1752 514 1791 nnnc
533 1732 718 1810 scripturam
739 1729 854 1790 codicis
876 1733 987 1806 nostri,
1016 1733 1160 1793 sedeam
1182 1735 1297 1794 misere
1318 1754 1374 1792 mu·

240 1835 357 1895 tilatam
379 1844 410 1894 et
431 1841 618 1912 corruptam,
639 1842 673 1891 ut
693 1840 797 1892 tamen
819 1833 891 1894 inde
915 1834 1066 1914 quaedam
1082 1835 1258 1896 adtentum
1272 1837 1374 1895 melius

241 1936 485 1996 constituendum
504 1934 673 1993 lucremur:

365 2045 563 2113 eccanastay
962 2048 1105 2118 tatentay

369 2138 545 2199 oackaslle
966 2142 1156 2220 toteokckay

366 2238 754 2319 toycteasonenonesoiki

365 2340 686 2420 Bosanscsnatepekac

366 2453 530 2505 nenoctnn
964 2445 1146 2525 ekkaeapac

365 2547 493 2606 llonkta
548 2622 551 2626 ἵ
963 2547 1193 2627 λογριοξγλολω

368 2648 567 2727 Πγροξγῖοια
963 2649 1231 2726 ayakayeacenso

362 2748 692 2825 teaeHaenockayaoy

363 2850 623 2930 Moysekllaacao
961 2861 1128 2912 stateseto

256 2955 259 2960 ’
363 2961 523 3034 λοορχοιοχ
957 2951 1100 3013 kralloka

362 3062 740 3133 tectncentoseaytoycoc

361 3157 446 3215 Mon.

234 3258 264 3317 h.
287 3278 314 3318 e.
686 3306 689 3312 .

318 3374 393 3413 ειταν
421 3353 470 3433 (cc
495 3373 550 3433 pro
573 3372 596 3411 τι
617 3354 703 3414 facili
725 3357 816 3435 lapsu
839 3357 983 3436 scriptum
1007 3353 1066 3432 est)
1099 3354 1137 3432 δη
1156 3376 1248 3415 ταντα
1269 3372 1359 3433 γεηται

233 3457 269 3538 (y
289 3475 346 3537 pro
372 3457 399 3528 i,
420 3462 455 3514 ut
477 3454 616 3532 saepius,
638 3456 731 3516 etiam
753 3460 784 3517 in
807 3457 1021 3537 sequentibus,
1046 3456 1127 3536 quod
1149 3456 1243 3515 tacite
1266 3476 1356 3514 emen·

232 3554 383 3633 dabimus)
410 3576 433 3614 oo
455 3557 597 3632 Ασκληιτε
623 3576 686 3615 τοτε
711 3578 728 3616 ο
751 3577 788 3630 κς
815 3557 848 3638 (ἰ.
879 3578 906 3617 e.
931 3549 1047 3634 κύριος)
1070 3552 1120 3615 καὶ
1148 3599 1280 3616 .....
1306 3576 1359 3625 τοις

230 3677 472 3739 γεανομενομενοι
493 3656 591 3736 (facili
607 3659 780 3736 corruptela
798 3679 853 3738 pro
871 3652 1051 3736 γενομένοις)
1073 3677 1104 3715 ιιι
1126 3698 1134 3713 .
1158 3699 1165 3713 .
1189 3699 1197 3714 .
1219 3703 1225 3715 .
1248 3657 1358 3735 βουλητ-

230 3773 279 3820 σιν
295 3770 443 3838 ατερεισας
465 3757 500 3837 (k
521 3759 601 3818 enim
622 3779 677 3837 pro
694 3760 732 3818 ic.
755 3761 774 3818 i.
798 3780 826 3818 e.
845 3780 872 3830 ις
893 3755 1037 3837 positum)
1061 3800 1191 3819 .....
1211 3777 1297 3834 μενος
1312 3775 1357 3830 την

230 3857 330 3937 (vides
352 3858 475 3918 ultimas
498 3858 573 3919 duas
596 3858 736 3937 syllabas
757 3861 842 3919 vocis
868 3849 1126 3933 ἀνακαλεσάμενος
1141 3877 1209 3917 cum
1227 3855 1354 3938 sequenti

229 3957 357 4016 articulo
385 3946 453 4034 τὴν)
483 4002 614 4019 .....
644 3962 816 4039 εκκαθαρας
838 4001 1001 4017 ......
1026 3960 1100 4017 πολλ
1129 3979 1185 4017 κτα
1213 3959 1249 4038 (n
1277 3958 1353 4026 enim,

227 4063 262 4115 ut
279 4057 420 4135 saepius,
442 4077 496 4135 pro
516 4060 551 4117 λλ
569 4060 701 4138 positum
720 4068 782 4132 est,
806 4069 899 4139 atque
922 4060 1080 4118 continent
1101 4058 1161 4118 hae
1181 4059 1288 4120 literae
1307 4076 1351 4114 vo·

228 4177 294 4217 cem
314 4158 415 4239 πολλῷ
436 4167 468 4218 et
487 4160 607 4219 initium
624 4161 708 4219 vocis
732 4151 931 4231 κατακλύσας)
953 4200 1088 4218 ......
1113 4180 1152 4218 κα
1172 4181 1223 4238 vqs
1238 4158 1352 4231 οξντατιι

225 4275 287 4335 stop
314 4259 443 4328 οξυτατω
472 4257 532 4334 (bis
558 4262 690 4337 scriptae
720 4269 791 4319 sunt
820 4260 875 4320 sed
904 4259 1067 4339 utrobique
1090 4259 1249 4319 mutilatae
1270 4274 1349 4316 voces

224 4352 298 4430 ιτυρλ
324 4346 470 4437 ὀξντύτῳ)
499 4356 663 4430 διακανσας
691 4380 790 4420 εννοτε
817 4360 849 4420 δε
874 4362 982 4436 αλεμος
1010 4359 1052 4436 (b.
1080 4381 1107 4419 e.
1136 4354 1283 4435 πολέμοις)
1307 4374 1350 4412 'W‘

226 4452 338 4520 λθιμθις
365 4454 511 4521 ἔπλασας
531 4474 641 4530 ἢγαγεν
664 4478 718 4517 sco>
746 4460 789 4536 (b.
812 4481 839 4520 e.
863 4456 911 4517 έιτὶ
930 4460 1065 4519 confusis
1085 4460 1242 4519 literarum
1264 4454 1347 4516 ducti-
