2884 5184
306 497 420 544 aron
443 496 727 546 naoranrrun
749 499 891 546 onvrn.
1121 488 1158 548 71

139 672 242 747 μαῖαν
263 660 421 747 ἕρημῶσει,
445 673 558 752 νεκρῶν
578 667 611 730 δὲ
632 660 792 742 ῶνύστασις
814 669 908 747 ἔσται,

140 773 254 847 χωλῶν
271 766 304 829 δὲ
327 762 435 849 δρόμος
456 761 621 848 ῶκότατος,
642 769 694 831 καλ
715 770 816 850 κωφὸς
841 764 962 832 ιἰκούσει

141 870 198 931 καὶ
226 870 333 948 τυφλοὶ
353 869 517 951 βλέψοοσι,
538 865 698 951 λαλήσονσ’
722 864 758 932 ού
780 871 950 949 λαλέοντος,

28 978 62 1035 λοί
76 976 206 1053 Xystus
224 975 386 1053 Betulejus
409 974 449 1033 ad
470 976 600 1054 primum
621 996 744 1035 versum
765 977 843 1037 haec
865 977 973 1036 habet:
998 977 1067 1049 „hic
1088 997 1156 1036 ver·

28 1099 63 1136 us
87 1087 157 1138 erat
187 1098 336 1151 mancus,
370 1099 460 1158 quem
489 1097 528 1137 ex
555 1077 718 1135 Lactantio
743 1077 894 1156 integrum
923 1079 1067 1151 fecimus,
1100 1081 1158 1138 hoo

28 1178 117 1237 nodo:
141 1181 242 1256 γαῖαν
263 1168 407 1257 ἐρημώσει
426 1179 541 1256 νεκρῶν
562 1172 595 1235 δὲ
616 1166 778 1249 ἆνῶστασις
797 1175 911 1239 ἔσται.“
942 1181 1069 1259 Reliqui
1091 1179 1154 1239 edi·

28 1300 93 1338 ores
111 1281 159 1337 nil
178 1288 305 1353 notant,
333 1289 449 1339 utnon
472 1287 637 1358 appareat,
669 1299 748 1359 quae
767 1281 906 1359 primitus
928 1282 1021 1341 fuerit
1043 1279 1158 1340 codicis

28 1381 244 1458 iibyllinorum
259 1381 449 1460 depravatio.
484 1380 536 1440 Ad
550 1379 717 1440 secundum
735 1401 859 1441 versum
875 1380 1058 1462 Opsopaeua
1073 1401 1157 1454 vero,

28 1481 108 1541 illata
136 1485 266 1562 vulgari
300 1482 383 1563 apud
408 1482 605 1541 Lactantium
640 1482 805 1562 scriptura,
836 1482 936 1541 addit:
975 1486 1052 1557 „Sed
1082 1491 1160 1542 vetas

28 1587 153 1644 lactantii
176 1590 344 1644 membrana
365 1589 429 1659 λιρίι
447 1579 498 1641 καλ
519 1584 620 1659 χωλῶν
641 1575 750 1661 δρόμος
773 1572 954 1654 ῶκύτατος.“
990 1585 1094 1664 Atque
1114 1586 1159 1644 sic

29 1706 138 1766 lneque
163 1688 236 1746 cod.
255 1689 413 1766 Regiom.,
437 1686 490 1766 qui
513 1685 602 1743 simul
623 1693 744 1763 turpem
761 1686 877 1746 hiatum
898 1689 931 1745 in
952 1707 1045 1747 versu
1060 1688 1158 1765 primo

28 1787 110 1861 ollit,
131 1786 1156 1868 Hekmnacllallnactacicectaikxmamnaponocokitatockaikmcbo

28 1888 933 1968 zakoyceikaitycbaoybaeyoyciananooycioyallaeontec,
958 1892 989 1950 h.
1013 1913 1041 1951 e.

483 2009 578 2048 νεκων
599 1979 629 2048 δ’
651 1991 909 2068 επααναστασις*)
931 2007 1011 2052 εσται

146 2113 167 2150 κ
194 2094 299 2169 χωλῶν
319 2089 428 2169 δρόμος
450 2111 590 2162 ῶκιτατος
612 2089 664 2150 καλ
686 2112 787 2167 κωφος
809 2108 930 2153 ακονσει

146 2215 201 2253 και
225 2195 331 2269 τοφλοι
351 2193 497 2272 βλεψοοσι
519 2193 680 2269 ληλησονσι
701 2195 897 2265 οολαλεοντες.

29 2292 101 2352 Hinc
120 2296 230 2375 itaque
249 2294 414 2373 legendnm
436 2301 522 2374 patet

486 2393 600 2471 νεκρῶν
621 2379 651 2449 δ’
674 2388 871 2463 ἐπανάστασις
892 2390 973 2453 ἔσται

148 2496 203 2558 καὶ
222 2500 323 2576 χωλῶν
344 2488 454 2575 δρόμος
475 2485 624 2564 ῶκύτατος
644 2514 672 2553 κ.
695 2516 720 2553 ι.
743 2497 770 2553 λ.

30 2593 155 2658 Primum
181 2601 407 2660 hemistichium
436 2598 568 2658 occurrit
596 2616 718 2677 quoquo
746 2596 858 2675 Sibyll.
890 2596 916 2654 1.
944 2617 974 2655 v.
996 2593 1072 2667 355,
1105 2594 1158 2654 ubi
1175 2608 1200 2650 ao

33 2700 172 2778 scriptura
197 2701 311 2761 codicis
335 2700 431 2759 nostri
452 2698 598 2757 firmatur.

478 2866 577 2925 rma.
602 2864 632 2940 §-
656 2863 704 2924 18.

111 3009 164 3074 „At
193 3007 224 3062 id
250 3005 353 3078 Sibylla
384 3003 512 3076 faturum
545 3000 690 3074 (futuram
719 3002 838 3074 Sibylla,
873 2997 972 3058 codex
998 2993 1158 3073 Regiam.)

38 3106 164 3162 cecinerat
185 3110 263 3164 olim.-
288 3110 481 3164 conlocaram
500 3105 571 3159 tales
589 3102 737 3175 ferantur.-

153 3204 199 3264 εἰν
217 3197 316 3285 όρτοις
336 3194 397 3280 ἅμα
414 3201 499 3262 πέντε
520 3199 572 3262 καὶ
593 3193 730 3280 λχθύεσσι
751 3199 867 3262 δοοῖσιν

152 3294 274 3385 ἀνδρῶν
292 3297 426 3384 χιλιάδας
442 3301 474 3364 ἐν
496 3298 596 3388 ἐρήμῳ
617 3300 703 3363 πέντε
725 3301 857 3383 κορέσσει

154 3406 207 3468 κοιλ
228 3401 264 3468 τὰ
281 3400 490 3486 περισσεύοντα
511 3399 611 3485 λοβῶν
629 3402 701 3484 μετὰ
723 3396 876 3483 κλάσματα
894 3402 993 3472 πάντα

155 3505 272 3571 δῶδεκα
293 3502 441 3589 πληρῶσει
460 3508 602 3584 κοφίνους
621 3507 661 3579 εἰς
680 3504 784 3567 ἐλπίδα
801 3512 950 3587 πολλῶν,“

42 3605 85 3664 ubi
104 3611 188 3673 δυσὶν
207 3614 247 3673 Α.
277 3611 401 3671 δοιοῖσιν
421 3613 464 3685 Β,
482 3610 534 3687 ‘03
563 3619 626 3669 tum
650 3631 742 3669 versu
770 3613 863 3669 tertio
886 3604 984 3670 πάντα
1011 3614 1099 3673 deest
1126 3617 1158 3674 in

42 3706 78 3779 Α)
97 3711 135 3787 Β,
157 3715 193 3774 Ο.
238 3714 409 3774 Occurrunt
436 3733 544 3773 versus
570 3714 602 3771 in
629 3709 772 3788 Sibyllin.
798 3710 827 3769 8.
855 3732 885 3769 v.
908 3709 980 3769 275.
1004 3733 1071 3793 sqq.
1100 3714 1159 3771 hoc

44 3811 120 3872 modo
141 3818 262 3897 scripti:

157 3915 190 3977 ἐκ
211 3907 239 3975 δ’
262 3910 361 3996 ῶρτων
381 3906 443 3993 ῶμα
463 3913 548 3976 πέντε
566 3912 616 3975 καλ
638 3905 742 3993 ἰχθύος
759 3910 897 3973 εἰναλλοιο

158 4009 278 4099 ῶνδρῶν
298 4010 434 4096 χιλιάδας
454 4014 486 4076 ἕν
508 4011 607 4102 ἐρήμῳ
629 4014 714 4077 πέντε
735 4012 880 4093 κορέσσει,

159 4118 209 4179 καλ
228 4113 265 4178 τὰ
283 4111 514 4199 περισσεύσαντα
532 4108 632 4196 λοβῶν
652 4111 713 4194 ἅμα
733 4109 887 4193 κλάσματα
910 4108 1008 4175 πάντα

157 4214 272 4281 δῶδεκα
292 4214 440 4301 πληρῶσει
461 4220 605 4296 κοφίνους
625 4217 666 4290 εἰς
685 4215 789 4277 ἐλπίδα
808 4219 926 4292 λαῶν,“

48 4312 90 4372 uhi
117 4342 205 4382 versu
236 4325 334 4403 primo
368 4333 398 4383 et
431 4332 539 4404 quarto
568 4331 707 4381 veterem
739 4321 893 4379 Lactantii
925 4317 1061 4377 codicem
1094 4338 1161 4374 cum

51 4452 237 4472 N*-

106 4534 130 4602 *)
147 4542 188 4590 bia
207 4542 304 4592 inlice
322 4544 489 4607 fragmento,
511 4541 535 4591 Λ
554 4557 602 4605 pro
621 4558 642 4615 α
659 4542 787 4592 occurrit.
