2884 5184
322 451 433 499 APUD
454 451 733 502 nacnauntutt
755 455 897 504 OBVIA.
1134 453 1175 515 87

44 628 141 706 Atque
166 627 228 684 hoc
249 623 373 705 quidem
393 622 499 698 video,
526 620 578 683 ἵνα
597 627 819 691 restituendum
842 652 911 692 esee
932 634 1111 710 Lactantio,
1140 647 1174 697 ut

44 727 256 805 conjunctivus
280 716 355 807 ἄρῃ,
377 746 468 806 quem
490 734 619 786 metrum
640 730 791 807 postulat,
813 732 940 807 habeat,
962 755 1022 815 quo
1037 745 1171 815 regatur.

44 827 101 886 Sed
121 829 219 905 longe
245 829 309 886 alia
337 825 489 907 quaedam
514 828 547 885 in
568 848 661 888 versu
683 830 741 890 hoc
762 832 845 892 lecta
866 833 976 906 fuisse,
1004 845 1173 899 monstrant

43 929 171 1006 vestigia
191 928 306 988 codicia
328 929 574 1007 Regiomontani.
619 929 698 1005 Sed,
726 931 809 1012 quod
830 932 995 994 dolendum
1016 945 1081 1010 est,
1108 947 1172 1000 tres

43 1030 139 1088 fineae
163 1028 343 1089 dimidiatae
358 1030 401 1088 ita
416 1048 498 1109 aqua
516 1040 677 1110 corruptae
694 1041 789 1114 atque
805 1034 955 1095 evanidae
973 1036 1074 1097 factae
1092 1048 1172 1116 eunt,

43 1140 73 1189 ut
98 1132 224 1190 nonnisi
249 1151 306 1210 per
329 1130 473 1191 nebulam
501 1133 654 1211 quandam
678 1134 784 1213 legere
810 1138 977 1214 potuerim3
1007 1145 1101 1221 atque
1129 1140 1172 1199 ibi

43 1231 177 1305 demum,
198 1232 252 1291 ubi
272 1228 311 1289 de
332 1230 467 1290 lectione
486 1232 572 1291 nulla
592 1235 631 1292 lia
649 1237 766 1297 moveri
783 1245 900 1316 potest,
929 1245 1033 1297 textus
1053 1239 1187 1319 integer·

43 1334 104 1392 fuit.
149 1334 242 1392 Haec
264 1352 338 1392 vero
357 1332 431 1392 inde
453 1334 588 1393 extrica:
963 1330 966 1335 ‘

684 1456 769 1514 oync
789 1482 1005 1501 ........

681 1538 892 1617 aycbatakton
1002 1528 1005 1533 ’

207 1679 214 1693 .
239 1680 246 1691 .
272 1636 464 1714 Oeoycaycei
684 1640 881 1699 aecuoietebi

209 1738 299 1815 aioys

44 1836 91 1894 ubi
109 1857 192 1917 qnae
215 1838 248 1896 in
266 1838 365 1917 prima
382 1837 467 1897 linea
484 1839 598 1918 scripta
620 1839 748 1914 fuerint,
772 1861 835 1901 non
857 1840 966 1902 eadem
982 1862 1066 1915 esee,
1090 1863 1171 1922 quae

44 1958 118 1995 nunc
147 1939 180 1996 in
207 1936 482 2003 Lactantii.editis
507 1940 735 2019 exemplaribus
765 1942 922 2019 legantur,
949 1942 1041 2001 facile
1068 1952 1170 2023 patet;

46 2038 95 2096 sed
115 2038 191 2120 quid
212 2040 414 2118 probabiliter
429 2039 639 2119 reponendum
654 2043 709 2115 sit,
732 2063 794 2101 non
807 2043 910 2102 video.
943 2043 1077 2124 Reliqua
1092 2045 1170 2104 haec

46 2150 123 2199 eunt:
154 2160 194 2199 ex
214 2143 335 2200 secando
358 2157 441 2198 versa
462 2131 667 2217 avellanarum
687 2163 743 2221 pro
766 2135 1003 2221 δυσβάστακτον,
1031 2152 1063 2202 ct
1084 2150 1169 2217 tertio,

47 2237 186 2314 ..θέους
207 2233 288 2301 λύσει
310 2229 435 2318 δεσμούς
455 2260 485 2299 τε
501 2238 626 2318 βιαίους.

382 2376 453 2433 Lm.
475 2372 547 2432 VII.
577 2390 649 2432 cnr.
672 2373 723 2433 19.
751 2372 782 2449 ξ.
803 2371 832 2432 2.

124 2500 225 2567 „Tunc
240 2496 383 2569 aperiam
399 2495 504 2550 caelum
518 2494 635 2549 mediam
650 2490 752 2569 (deest
766 2492 824 2551 hoc
839 2491 1022 2551 vocabulum
1036 2494 1068 2552 in
1079 2515 1105 2553 c.
1118 2493 1171 2572 lt.)

47 2602 200 2671 intempesta
221 2605 248 2653 et
268 2597 412 2652 tenebrosa
434 2601 527 2651 nacte.-
543 2601 574 2651 at
593 2598 622 2651 ia
643 2597 709 2652 orbe
731 2601 783 2653 toto
802 2597 892 2653 lamen
914 2597 1100 2653 &scandentia
1119 2599 1173 2654 Dei

49 2707 178 2773 tamquam
194 2699 295 2772 falqar
316 2702 464 2770 appareat.
502 2696 582 2763 Quod
602 2696 707 2770 Sibylla
726 2688 778 2753 bit'
791 2697 915 2754 versibus
934 2698 1025 2753 locuta
1047 2705 1102 2754 ert:

498 2783 604 2853 ὁππότ’
630 2784 670 2854 ἂν
690 2792 768 2877 ἔλθῃ

204 2882 281 2958 πῦρ,
301 2877 384 2939 ἔσται
401 2871 504 2949 σκότος
522 2874 555 2937 ἐν
574 2880 611 2959 τῇ
629 2875 723 2961 μέσσῃ
744 2876 830 2938 νυκτὶ
849 2879 1005 2961 μελαίνῃ.“

48 2981 198 3042 Editiones
212 2981 260 3055 A,
277 2982 320 3054 B,
341 2980 366 3040 Ο
387 2982 431 3040 nil
454 2980 594 3054 variant,
615 2981 677 3040 nisi
691 2979 775 3060 quod
790 2980 953 3039 articulum
966 2980 1003 3060 τῇ
1019 2981 1170 3041 omittunt,

50 3082 117 3142 Cum
136 3085 169 3142 in
190 3082 411 3161 Sibyllinorum
432 3084 566 3160 ipsorum
588 3081 771 3141 collectione
792 3101 899 3147 verene
921 3081 954 3143 bi
974 3080 1087 3154 desint,
1110 3082 1169 3142 Be-

47 3186 151 3263 tnlcjas
184 3193 216 3244 et
248 3183 430 3263 Opeopaeas
462 3204 515 3243 eoa
546 3184 625 3243 inter
653 3183 826 3259 fragmenta
853 3182 1038 3259 retulerunt3
1070 3192 1171 3243 utrum
1185 3206 1211 3246 aa

47 3307 113 3345 vcro
137 3288 170 3345 in
194 3286 327 3344 Puteani
352 3284 458 3344 codice
484 3285 574 3345 aliter
600 3285 674 3344 lecti
703 3284 833 3358 fuerint,
866 3305 924 3347 nec
949 3305 1005 3358 ne,
1040 3293 1169 3346 tacetur.

48 3386 117 3445 Mihi
140 3397 204 3447 tota
226 3386 392 3458 sententia,
421 3404 512 3465 quam
536 3387 710 3461 continent,
739 3392 889 3467 perquam
911 3388 1018 3466 inepta
1038 3386 1169 3458 videtur,

47 3491 88 3544 abi
105 3494 207 3547 venerit
225 3494 296 3564 tynis
318 3495 382 3545 tunc
403 3491 457 3544 erit
476 3493 579 3564 caliqm
601 3491 661 3548 imo
687 3499 752 3548 tuna
770 3499 913 3549 evanescet
931 3494 1028 3564 calino.
1060 3487 1169 3548 (lodex

50 3597 144 3648 noster
158 3590 188 3649 h.
204 3591 225 3649 l.
242 3589 358 3648 nullam
374 3588 611 3649 deminutionem
632 3611 743 3669 passus
766 3598 827 3665 eet3
852 3597 1055 3669 quapropter
1079 3588 1170 3647 aliter

51 3689 162 3768 quidem
177 3693 215 3751 'hi
236 3710 343 3750 versus
364 3691 396 3747 in
419 3698 576 3770 posterum
597 3688 803 3750 constituendi
819 3697 924 3761 erunt,
946 3687 1002 3748 sed
1018 3689 1170 3748 sententia

50 3810 162 3868 prorsus
182 3792 290 3853 eadem
311 3800 480 3872 permanet.
523 3790 572 3848 Ita
594 3790 674 3850 enim
695 3790 766 3848 ille:

247 3893 422 3953 olllltanea
667 3889 872 3968 onllopectai

250 3995 411 4055 ekotoenti
577 3990 593 4045 '.
633 3994 637 4001 ’
670 3986 886 4069 'necueninyk

246 4097 411 4155 tineaainn
481 4116 485 4123 ·

55 4195 125 4270 qaod
143 4199 198 4256 rix
220 4197 311 4257 aliter
331 4196 395 4273 legi
413 4195 542 4274 poterit,
567 4214 658 4273 quam

544 4283 679 4352 tantm
696 4289 773 4373 aeq
819 4354 824 4360 ,

99 4442 101 4447 ,
136 4409 140 4415 ’
203 4382 280 4462 πῦρ,
302 4379 384 4440 ἔσται
404 4370 525 4441 σκοτόεν
542 4398 571 4437 τι
590 4374 664 4459 μέσῃ
683 4373 728 4436 tvl
750 4374 835 4436 νυκτὶ
856 4373 997 4458 μελαίνῃ,

54 4485 81 4534 ut
99 4483 201 4544 saltem
219 4484 397 4544 melioribus
417 4481 679 4541 numenievereus
697 4477 831 4538 incedat.

331 4565 345 4592 ⁰.
