2884 5184
401 464 585 523 QUINTUS
607 465 868 515 SMYRNAEUS.

144 628 254 714 νόμων
275 633 482 715 τελλομένους·
505 626 573 714 νοός
593 634 625 698 δὲ
643 635 713 698 νέον
734 637 892 719 ἑστηῶτας·

144 728 215 810 τοὸς
233 730 263 797 δ’
284 731 345 816 ἤδη
365 736 416 798 ιιαί
433 735 541 799 ποσσίν
562 735 768 819 ἐπειγομένους
786 737 815 823 ξς
834 733 929 822 ἆρῆα·

47 841 143 900 Satis
166 840 275 919 pulcra
291 840 379 900 nobis
395 841 539 919 objicitur
553 843 653 920 imago
670 842 809 916 Iasonis,
833 846 1004 924 terrigenas
1027 849 1101 908 istas
1117 851 1198 909 ferro

49 940 259 1017 demetentis3
291 942 377 1002 multi
408 942 558 1002 dimidiati
584 950 701 1003 tanturn
720 943 770 1015 >ad
797 954 936 1006 ventrem
957 968 1055 1029 usque
1077 972 1094 1010 e
1116 962 1200 1011 terra

53 1043 244 1119 exstabant3
276 1044 329 1102 alii
353 1045 419 1121 jam
446 1044 538 1104 altius
565 1065 664 1124 usque
696 1046 736 1104 ad
764 1048 925 1129 humeros;
957 1050 1010 1109 alii
1038 1072 1113 1111 vero
1133 1054 1199 1130 jam

52 1164 174 1204 revera
201 1151 318 1203 stantes
347 1152 434 1220 sunt3
465 1145 519 1204 alii
549 1145 683 1226 denique
700 1149 767 1225 jam
787 1149 926 1228 expediti
952 1152 1198 1230 progrediuntur.

54 1245 125 1305 Sed
152 1267 225 1304 num
248 1246 347 1324 ipsum
374 1254 498 1326 poetam
522 1249 567 1306 ita
595 1267 717 1308 errasse
749 1249 898 1309 credibile
930 1260 994 1326 est,
1023 1264 1057 1314 ut
1085 1257 1137 1335 qui
1160 1255 1201 1314 ad

53 1350 192 1406 humeros
219 1367 318 1426 usque
347 1355 465 1407 tantum
487 1356 609 1408 eterra
634 1358 772 1424 exstent,
803 1370 856 1410 eos
878 1354 975 1431 magis
998 1357 1133 1416 eminere
1153 1356 1197 1415 di-

54 1457 163 1522 ceret,
193 1468 285 1529 quam
309 1448 361 1528 qui
383 1448 423 1508 ad
446 1456 585 1509 ventrem
608 1470 716 1530 usque.
761 1452 942 1529 Legendum
963 1455 1038 1514 mihi
1059 1455 1196 1516 videtur:

394 1543 517 1622 τοδςδέ
537 1546 589 1608 καί
608 1542 695 1629 όίχρις

147 1643 297 1730 ροόνων
317 1648 514 1728 τελλομένους.

154 1755 234 1810 Vera.
263 1749 353 1812 1396.
376 1753 447 1830 lege
467 1742 527 1812 ότιὸ
548 1773 603 1832 pro
625 1742 692 1814 ὸιιό.

54 1853 126 1914 Sed
148 1854 271 1935 reliqua
291 1854 324 1913 iu
346 1853 431 1914 aliud
450 1864 570 1935 tempus
594 1856 716 1917 differre
740 1860 889 1938 cogimur.

461 2101 465 2108 ·
528 2099 736 2113 ..οι-...-

342 2357 371 2419 2.
417 2353 617 2435 eururus
638 2354 920 2423 surauuaus

570 2531 640 2590 Lra.
662 2532 687 2590 I.

149 2664 188 2723 V.
211 2665 241 2722 7.
286 2655 388 2741 ἰληδὸν
415 2674 445 2723 et
475 2654 578 2725 ἰλαδὸν
599 2668 688 2726 varia
714 2666 856 2745 syllabae
883 2666 1003 2726 mediae
1030 2668 1200 2746 quantitate

56 2768 157 2827 habet
172 2764 314 2843 Quintus,
333 2773 367 2825 ut
384 2755 535 2843 ὁμιλαδὸν,
554 2755 705 2844 ὁμιληδὸν,
724 2756 888 2843 ἕνωτταδὸν,
904 2760 1086 2843 μετωπηδόν.
1110 2769 1200 2828 Prius

58 2877 187 2949 praeter
209 2869 290 2928 hunc
311 2868 413 2927 lecum
434 2867 547 2945 legitur
571 2865 607 2940 2,
634 2867 706 2928 397.
731 2869 774 2941 6,
796 2867 882 2940 643,
913 2868 1043 2927 alterum
1067 2868 1099 2940 t,
1129 2867 1199 2928 175.

62 2967 99 3041 2,
119 2967 191 3029 373.
216 2968 250 3043 3,
270 2968 343 3029 360.
366 2968 438 3030 660.

61 3092 94 3129 v.
117 3066 168 3127 22.
212 3061 253 3148 μή
273 3069 316 3143 τίς
337 3066 352 3130 ἓ
371 3060 413 3131 ὸν
433 3063 509 3129 κατὰ
530 3066 626 3148 δῆμον
648 3063 806 3152 ἕλεγχείησι
826 3066 950 3151 χαλέψη.

61 3172 235 3250 Tychseuii
255 3171 333 3233 haec
356 3182 403 3234 est
422 3174 588 3252 scriptura3
610 3178 695 3230 recte
713 3172 780 3249 jam
794 3171 1036 3233 Rhodemannus
1060 3172 1201 3232 ediderat

61 3266 106 3351 μή
128 3293 171 3345 τις
191 3265 252 3333 έὸν
272 3295 300 3333 κ.
321 3294 345 3332 τ.
368 3276 392 3334 λ.
723 3341 727 3347 ,

62 3397 95 3434 v.
117 3372 168 3433 58.
707 3360 767 3433 εὖτ’
788 3371 917 3448 ἒςίδοντο

206 3468 309 3554 ’Ἀρεος
329 3465 493 3552 ἀκαμάτοιο
514 3468 732 3554 βαθυκνημιδα
749 3469 903 3556 θύγατρα,

215 3574 369 3654 εἰδομένην
390 3571 590 3655 μακάρεσσιν,
615 3575 678 3637 ἐπεί
696 3572 734 3656 ῥά
755 3578 787 3637 οἱ
806 3566 883 3655 ἀμφὶ
904 3572 1051 3661 ττροςοόιτιρ

215 3668 319 3755 ἄμφω,
343 3674 520 3759 σμερδαλέον
538 3675 589 3737 καὶ
611 3667 724 3756 όγλαὸν
742 3671 819 3748 εἰδος
836 3671 958 3757 ὀρώρει,

216 3766 417 3854 μειδιόωσ’
439 3769 603 3858 ἒρατεινόν·

64 3881 182 3940 Fuerat
202 3889 293 3941 antea
313 3874 460 3959 μειδιόων.
499 3880 562 3960 Qui
580 3866 731 3959 μειδιόωσ’
752 3878 874 3958 scripsit
893 3880 1076 3940 novissimus
1092 3880 1200 3954 editor,

64 3984 125 4042 hoc
144 4003 200 4061 pre
222 3975 382 4068 μειδιοιόση
404 3985 562 4064 accepisse
577 3982 715 4055 videtur,
737 3981 1062 4060 scilicetjungendum
1080 3975 1202 4057 cumei,

66 4061 149 4164 qued
168 4085 253 4144 nullo
274 4086 364 4145 mede
386 4084 541 4147 Graecum
565 4105 633 4145 esse
660 4103 765 4143 omnes
791 4092 912 4143 nerunt.
956 4083 1057 4143 Aliter
1076 4082 1201 4143 Rhodo·

66 4206 210 4245 mannus:
242 4187 344 4260 „haud
369 4188 447 4261 seio,
475 4208 514 4246 an
541 4208 603 4246 non
630 4207 687 4266 per
712 4185 878 4264 enallagen
898 4186 1016 4246 numeri
1036 4185 1202 4265 legendum

66 4287 106 4346 sit
132 4276 294 4363 μειδιόωσ’.
328 4290 425 4350 lector
451 4288 601 4368 judicet.“
644 4287 820 4364 Enallagen
848 4307 937 4346 casus
965 4286 1069 4348 dicere
1096 4288 1203 4361 voluit,

64 4395 99 4447 ut
112 4389 318 4447 nominativus
335 4380 495 4465 μειδιόωσα
504 4390 657 4450 referatur
669 4388 709 4448 ad
718 4389 813 4467 longe
828 4409 1044 4468 praegressum
1055 4379 1203 4468 θύγατρα.

65 4490 170 4569 Atque
188 4490 248 4549 hoc
269 4510 343 4551 sane
363 4491 618 4570 simplicissimum
637 4491 770 4550 videtur.
806 4491 887 4551 Nam
902 4492 960 4552 etsi
975 4481 1118 4570 μειδιόων
1135 4513 1202 4553 cum
