2884 5184
308 494 419 545 naun
441 495 722 544 ancssnsiun
745 499 886 547 osvin.
1123 492 1163 552 69

33 687 89 744 pag.
109 663 198 739 250„
229 687 345 725 verum
366 668 436 727 loco
461 668 553 729 valde
577 679 731 755 suspecto.
755 707 797 715 —
821 672 884 732 Sed
906 673 1095 736 redeundum
1116 688 1163 739 est

33 766 62 823 nl
80 767 282 827 Lactantium
305 777 451 828 nostrum.
674 840 698 887 ο

546 903 641 962 Ibid.

105 1023 163 1091 ,st
181 1039 294 1080 rursus
314 1026 343 1080 ιἰι
362 1027 420 1097 fiae
440 1025 565 1097 ejusdem
586 1026 734 1093 carminis,

185 1108 287 1180 adada
308 1118 400 1180 ἔδωκε
420 1110 492 1193 θεὸς
511 1124 625 1191 πιστοῖς
646 1108 793 1201 ἆνδριὶσσι
813 1121 991 1201 γεραίρεινίί,

33 1220 75 1279 ubi
92 1212 183 1279 ditor
200 1221 239 1281 C.
262 1212 394 1301 ἆνδριὶσι
411 1222 456 1295 Α,
476 1222 518 1295 Β,
539 1221 574 1282 0.
596 1243 732 1303 γεραινεν
751 1223 791 1282 Α.
825 1225 863 1283 In
879 1223 1038 1302 Sibyllinis
1061 1235 1163 1286 exstat

33 1319 77 1378 lib.
99 1318 127 1379 3.
151 1343 182 1379 v.
204 1322 284 1383 774.
732 1396 734 1401 ,

183 1411 258 1481 ἄλλ’
281 1412 319 1485 dv
341 1421 432 1483 ἔδωκε
452 1412 523 1495 θεὸς
541 1412 646 1483 πιστὸν
667 1415 764 1503 ἄνδρα
785 1424 946 1503 γεραίρειν,

33 1521 76 1580 ubi
95 1522 172 1583 haee
194 1534 271 1584 sunt
288 1525 446 1606 Opsopaei
467 1527 565 1586 verba
586 1525 733 1598 „Mutilus
749 1534 812 1598 est,
835 1525 890 1584 sed
904 1527 957 1606 qui
974 1528 1163 1588 eLactantii

33 1620 99 1680 libro
120 1622 150 1681 4.
173 1627 283 1704 eapite
308 1626 358 1686 16.
386 1627 507 1687 restitui
527 1627 640 1705 possit:
670 1614 738 1684 ἄλλ’
767 1613 804 1683 dr
830 1621 921 1684 ἔδωκε
948 1615 1019 1698 θεὸς
1047 1633 1161 1701 πιστοῖς
1178 1652 1205 1694 aa

33 1709 167 1799 drdpdooa
196 1727 358 1807 γεραίρειν.
403 1727 456 1787 Sic
483 1728 564 1787 enim
594 1736 625 1786 et
654 1726 737 1808 apud
766 1727 961 1787 Lactantium
986 1749 1043 1807 pro
1072 1716 1164 1789 αὐτὸν

33 1820 186 1897 legendum
209 1846 285 1888 esse
308 1828 399 1913 docet
418 1831 568 1910 scriptura
589 1836 619 1887 et
639 1828 851 1907 interpretatio
869 1837 931 1888 vet.
949 1829 1161 1891 membranae:

35 1933 300 2002 ananensis,
325 1934 376 1988 sed
398 1949 477 2004 quem
495 1933 576 1987 dedit.
621 1929 811 2006 Augustinus
840 1931 873 1988 in
894 1931 1032 1991 oratione
1055 1940 1162 1991 contra

39 2024 162 2104 quinque
189 2027 357 2090 haereses:
395 2034 547 2089 Audiamus
574 2034 641 2105 qaid
664 2032 769 2105 Sibylla
795 2033 878 2088 dicat.
927 2035 1033 2102 Aliam,
1065 2036 1161 2106 inquit,

37 2125 101 2180 dedit
116 2128 192 2185 Deus
215 2134 287 2203 filiis
308 2133 447 2189 bominum
469 2135 612 2190 colendam
632 2136 705 2188 etc.“
750 2127 821 2206 Qua
839 2131 899 2189 viri
919 2130 1087 2190 doctissimi
1108 2152 1161 2191 an·

38 2226 181 2287 notatione
205 2229 299 2308 plura
322 2230 480 2307 docemur3
509 2232 654 2311 primum,
681 2228 903 2306 Augustinum,
931 2231 984 2310 qui
998 2216 1178 2311 nunquam,

39 2321 250 2401 Sibyllinorum
273 2332 383 2409 majori
412 2332 594 2391 collectione
617 2349 689 2388 usus
711 2329 851 2401 videtur,
880 2328 936 2388 sed
956 2337 1073 2387 tantum
1094 2351 1162 2389 ver·

41 2443 84 2482 sus
109 2427 146 2486 ab
168 2431 239 2491 aliis
261 2432 419 2506 laudatos,
449 2431 631 2511 praesertim
653 2450 672 2488 a
693 2429 876 2502 Lactantio,
904 2430 1045 2501 novisse,
1074 2421 1165 2489 ἄλλον

40 2524 66 2582 in
90 2526 145 2588 hoc
172 2531 242 2592 loco
269 2534 399 2611 legisse,
431 2532 536 2606 modo,
570 2531 651 2612 quod
677 2538 803 2612 propter
832 2539 965 2590 ceterum
994 2529 1165 2590 dissensum

43 2622 161 2689 dubitari
187 2642 307 2712 potest,
338 2632 377 2691 ad
401 2634 482 2693 huno
502 2633 604 2692 locum
623 2633 813 2713 respexerit3
845 2641 909 2692 tum
929 2653 1004 2692 vero
1029 2631 1165 2692 codicem

42 2724 174 2805 Puteani,
205 2755 268 2815 quo
288 2733 469 2813 Opsopaeus
497 2753 571 2793 usus
597 2743 659 2807 est,
686 2742 790 2793 nostro
820 2734 1005 2792 simillimum
1033 2753 1073 2793 ex
1103 2754 1164 2792 uno
1273 2722 1275 2726 Α

44 2825 134 2889 forsan
155 2835 328 2915 eodemque
354 2835 440 2894 fonte
462 2836 607 2907 fluxisse,
634 2835 790 2907 sednon,
819 2833 901 2913 quod
924 2835 992 2914 quis
1014 2833 1165 2912 suspicari

44 2931 139 3005 possit,
175 2938 367 3014 archetypon
394 2930 491 2993 nostri
518 2955 602 3011 esse3
639 2955 710 2992 nam
739 2932 868 2992 eandem
899 2934 1063 2993 lectionem
1096 2932 1165 2991 aliis

44 3025 185 3094 literarum
212 3036 354 3097 ductibus
377 3043 590 3115 repraesentat
617 3033 717 3094 codex
744 3040 848 3092 noster
870 3066 912 3074 —
940 3031 1163 3091 aaloneaorkai-

46 3128 499 3217 Ocllotoieanapeceitepaipen,
522 3138 542 3194 i.
566 3156 593 3195 e.

197 3241 289 3297 attor
310 3236 419 3296 εδωιιαι
440 3240 479 3308 sp
498 3252 599 3307 ιισιοις
622 3234 762 3315 ανδρεσσι
780 3252 933 3314 γεραιρεν,

48 3333 118 3406 quod
136 3345 198 3398 tum
220 3348 345 3419 propter
370 3338 515 3396 orationis
536 3358 650 3397 nexum
670 3337 703 3394 in
722 3335 809 3395 libris
830 3334 992 3415 Sibyllinis
1013 3342 1077 3393 tum
1095 3354 1164 3412 pro-

47 3438 105 3505 pter
126 3428 278 3517 adjectam
299 3438 582 3518 interpretationem
601 3441 665 3508 (sed
684 3456 764 3511 quem
782 3440 857 3494 dedit
869 3440 946 3496 Deus
957 3439 1085 3510 fidelibus
1100 3426 1167 3493 viris

50 3529 186 3610 bonorare)
215 3542 260 3601 sic
291 3548 338 3599 eet
365 3538 573 3616 scribendum,
607 3546 641 3596 ut
667 3536 851 3615 Opsopaeus
878 3536 1040 3606 indicavit,
1074 3534 1164 3593 modo

51 3618 172 3711 driccam
192 3662 248 3720 pro
270 3627 432 3721 ἆνδριὶσσι,
460 3637 542 3719 quod
563 3638 618 3695 vix
642 3635 811 3711 Graecum,
836 3636 968 3711 recipias
988 3655 1028 3693 ex
1050 3635 1164 3710 optima

53 3732 152 3798 rodeis
171 3743 267 3803 nostri
289 3741 449 3820 scriptura.

556 3865 652 3927 Ibid.

126 3990 180 4055 „Et
195 3995 251 4049 alia
275 3993 379 4065 Sibylla
395 3993 553 4062 praecipit,
574 3988 649 4044 baar
669 3990 798 4060 oportere
818 3986 958 4058 commeat.-

202 4084 294 4152 αὐτὸν
315 4084 369 4149 σὸν
388 4088 514 4168 γίνωσκε
535 4075 625 4156 θεὸν,
648 4085 725 4144 deod
746 4070 815 4143 vida
835 4073 952 4141 do'rraf‘

55 4175 197 4252 Editiones
216 4192 370 4252 Lactantii
388 4190 464 4249 nihil
485 4189 616 4248 variant.
660 4185 697 4243 In
719 4183 880 4262 Sibyllinis
904 4182 1036 4242 occurrit
1059 4181 1112 4240 lib.
1137 4178 1166 4239 8.

55 4297 79 4334 V·
95 4280 176 4364 329„
195 4294 247 4353 nbi
268 4312 373 4351 omnes
394 4279 487 4350 αὐτόν
505 4304 575 4364 σου,
597 4286 649 4346 ubi
667 4285 849 4365 Opsopaeus
865 4291 964 4356 notat,
987 4284 1167 4357 Αιιριισιιιιιιιιι

57 4395 161 4465 l¹¹0que
186 4394 218 4451 in
242 4400 313 4452 orat.
334 4401 434 4452 cantra
455 4394 574 4465 quaque
594 4391 725 4446 haereses
750 4375 805 4444 adr
826 4402 1010 4462 agnoscere:
1039 4384 1166 4458 „Sibylla
1184 4394 1208 4435 ιι

56 4478 121 4553 diiii,
139 4491 232 4565 Ipuou
247 4503 323 4552 taam
345 4510 478 4567 coynosce
498 4494 602 4561 Deam,
625 4491 678 4548 Dei
694 4492 786 4562 filiam
803 4489 893 4545 esse.“
929 4482 993 4543 Sed
1014 4482 1164 4566 quomodo
