2884 5184
368 469 453 514 VITA
473 467 551 515 CAR.
575 469 705 516 Lunov.
729 470 874 518 STRUVE.
1123 474 1197 520 XXV

39 640 217 704 mensium
234 638 376 724 spatium
398 638 451 702 bis
472 660 618 702 seorsum
641 639 730 725 typis
754 648 805 702 est
827 641 1003 726 exscripta,
1025 652 1196 728 praeterea

39 739 278 826 compluribus
301 738 427 803 Diariis
451 739 673 822 Germanicis,
701 761 786 826 quae
815 739 981 826 Petropoli
1002 741 1194 824 edebantur,

39 851 78 906 et
113 842 151 904 in
177 840 327 924 linguam
355 839 526 904 Rossicam
555 864 714 907 conversa
752 843 922 907 notissimo
956 842 1059 907 diario
1089 843 1193 910 ‘Filio

39 943 204 1005 Patriae'
238 943 349 1025 (Caura
384 942 593 1028 Omeuecrusa)
625 945 717 1008 1812.
750 941 790 1006 T.
819 942 846 1006 I.
880 943 941 1009 No.
969 942 1027 1007 IV.
1061 967 1092 1030 p.
1122 946 1192 1015 109,

40 1047 107 1107 3ae
132 1042 213 1108 edit.
236 1043 396 1106 inserta.“

137 1143 233 1207 Intra
253 1142 365 1206 decem
387 1165 546 1208 annorum
565 1145 652 1231 [inde
673 1145 715 1210 ab
735 1169 766 1210 a.
789 1147 1019 1234 teor-1814]
1042 1150 1193 1234 spatium,

41 1245 139 1333 quod
162 1244 283 1309 Struve
304 1243 446 1330 Dorpati
468 1247 619 1329 vivebat,
645 1248 797 1334 quodque
828 1248 1082 1335 pulcherrimum
1104 1251 1193 1314 vitae

41 1370 130 1412 suae
152 1356 283 1432 tempus
302 1345 423 1427 fuisse,
449 1347 629 1412 identidem
651 1358 765 1436 postea
793 1373 852 1436 per
879 1351 992 1414 literas
1015 1349 1193 1416 Guilielmo
1263 1401 1266 1405 .

40 1449 146 1514 fratri
168 1447 340 1535 professus
359 1455 427 1530 est,
448 1450 578 1535 saepius
606 1458 763 1535 cognatos
786 1459 819 1514 et
840 1451 963 1514 amicos
992 1453 1027 1515 in
1047 1452 1193 1536 praediis

42 1551 227 1615 Livonicis
248 1548 406 1634 degentes
433 1550 565 1630 revisit,
594 1549 695 1612 semel
720 1552 819 1614 ctiam
840 1550 1046 1635 Petropolin,
1079 1551 1194 1616 urbem

41 1653 253 1740 principem,
277 1671 363 1713 anno
385 1652 464 1714 1810
487 1650 579 1714 adiit.
623 1650 688 1713 Hic
710 1650 967 1716 familiaritatem
988 1675 1062 1717 cum
1079 1654 1193 1718 Fride-

39 1756 115 1819 rico
140 1750 275 1816 Graefio
289 1749 360 1835 jam
382 1759 481 1815 antea
501 1752 536 1815 in
557 1752 700 1816 Livonia
724 1754 840 1817 initam
868 1754 979 1837 auxit,
1007 1777 1192 1842 novamque

41 1877 122 1919 cum
144 1853 191 1917 H.
216 1852 254 1917 O.
275 1851 316 1915 E.
337 1851 502 1941 Koehlero
531 1855 706 1918 contraxit.
750 1854 815 1919 Per
843 1877 925 1941 quos
949 1858 1038 1921 viros
1067 1866 1193 1943 specta-

39 1956 195 2019 tissimos
216 1954 420 2017 in-notitiam
440 1954 680 2040 venitSergii
703 1957 920 2039 Uvarovii,
941 1956 1028 2023 Viri
1048 1957 1191 2022 Excel-

40 2055 297 2137 lentissimi,
321 2053 634 2138 Illustrissimi,
658 2057 882 2144 splendidi
899 2058 970 2143 jam
991 2067 1060 2122 tum
1081 2058 1191 2123 litera-

39 2181 119 2221 rum
141 2163 330 2219 nostrarum
350 2154 623 2240 Maecenatis,
652 2161 708 2245 qui
731 2161 829 2223 etiam
851 2169 966 2246 postea
987 2159 1104 2224 studiis
1128 2159 1189 2237 Pa-

39 2259 128 2339 trui,
151 2278 254 2342 quum
271 2257 473 2341 Regimontii
496 2256 653 2341 degebat,
677 2257 839 2324 fautorem
861 2258 1056 2324 benevolum
1079 2282 1113 2323 se
1134 2283 1190 2325 ex-

42 2358 200 2424 hibebat.
243 2356 410 2436 Quantum
432 2366 542 2421 autem
563 2358 679 2443 gaudii
698 2360 780 2423 haec
809 2361 955 2424 virorum
983 2361 1190 2445 egregiorum

41 2467 144 2544 grata
169 2457 377 2522 familiaritas
399 2466 433 2522 et
454 2458 686 2545 contemplatio
710 2469 809 2547 atque
829 2462 1002 2529 admiratio
1023 2484 1133 2526 rerum
1156 2463 1190 2527 in

42 2560 132 2624 urbe
154 2559 320 2623 Caesarea
342 2560 418 2624 visu
442 2559 709 2645 dignissimarum
730 2563 766 2625 in
789 2584 827 2626 eo
850 2563 1096 2646 excitavissent,
1118 2564 1190 2650 ipse

40 2663 198 2725 suaviter
225 2659 431 2746 praedicavit
457 2661 492 2724 in
519 2664 685 2748 prooemio
711 2665 962 2750 programmatis
992 2663 1032 2728 de
1058 2662 1187 2749 legibus

39 2762 232 2849 prosodicis
253 2768 286 2845 et
306 2762 467 2843 metricis,
484 2782 566 2847 quas
587 2764 726 2828 seriores
739 2763 940 2829 Graecorum
959 2765 1187 2853 iambographi

42 2866 155 2930 secuti
179 2871 264 2943 sunt,
286 2861 512 2947 (Regimontii,
538 2865 630 2927 1820.
655 2862 771 2948 Progr.
794 2863 904 2947 XVI.)
926 2862 977 2927 his
999 2866 1126 2930 verbis:

133 2963 323 3047 „Theodori
349 2962 520 3029 Prodromi
548 2985 679 3027 carmen
705 2965 898 3027 amatorium
926 2965 962 3026 in
989 2964 1050 3027 hac
1076 2975 1189 3032 nostra

40 3067 147 3147 urbe,
171 3073 330 3151 quantum
351 3064 434 3146 scio,
453 3086 519 3128 non
541 3073 666 3147 exstat,
689 3062 809 3128 lectum
832 3062 995 3148 quondam
1015 3064 1095 3128 mihi
1110 3075 1186 3133 ante

40 3167 104 3232 hos
128 3166 219 3252 ipsos
243 3165 355 3229 decem
384 3187 486 3229 annos
509 3165 693 3253 Petropoli,
721 3187 821 3252 quum
846 3163 894 3227 ibi
916 3164 1057 3251 hospitio
1079 3166 1187 3234 Koch-

39 3269 124 3349 leri,
145 3267 218 3332 viri,
233 3265 415 3331 doctissimi
437 3275 470 3330 et
487 3268 710 3350 illustrissimi,
726 3276 824 3351 atque
837 3266 873 3329 in
890 3268 1028 3330 scientia
1046 3271 1187 3356 antiqui·

39 3370 125 3434 tatis
152 3367 221 3431 fere
240 3369 347 3450 unici,
373 3377 500 3455 uterer,
530 3371 587 3455 qui
616 3391 659 3432 ex
688 3389 748 3430 sua
778 3365 969 3432 collectione
992 3370 1187 3455 optimorum

40 3480 74 3535 et
95 3469 343 3534 rarissimorum
365 3467 523 3533 librorum
541 3469 624 3534 illud
651 3491 778 3533 mecum
801 3470 1065 3535 communicavit.
1110 3472 1187 3553 Sed,

40 3582 78 3636 ut
102 3571 158 3651 fit,
182 3591 256 3633 cum
275 3591 368 3633 mens
390 3568 494 3654 longe
512 3570 586 3657 aliis
613 3571 712 3636 rebus
736 3571 863 3633 intenta
887 3579 955 3650 est,
977 3609 1020 3616 -
1042 3573 1186 3636 animum

39 3674 136 3738 enim
157 3669 381 3757 percellebant
402 3680 435 3734 et
458 3671 550 3735 urbis
574 3672 696 3758 ipsius,
726 3694 803 3735 vere
828 3670 1063 3754 Imperatoriae
1087 3670 1185 3753 sedis,

39 3771 240 3858 magnitudo
267 3793 306 3834 ac
332 3770 558 3857 pulchritudo,
591 3779 624 3834 et
649 3778 861 3834 monumenta
888 3771 1187 3855 praestantissima-

39 3897 119 3939 rum
150 3873 271 3937 artium
298 3872 346 3937 ibi
374 3871 525 3954 collecta,
555 3893 692 3957 quorum
709 3890 888 3932 ‘numerum
915 3878 948 3932 et
979 3868 1186 3955 splendorem

39 3976 112 4040 nisi
134 3973 337 4060 oculisipse
364 3971 632 4060 perlustraveris,
662 3971 721 4035 vix
747 3971 895 4033 narranti
922 3970 1022 4033 fidem
1051 3969 1186 4052 habeas,

40 4088 75 4142 et
107 4075 188 4159 vagi
217 4073 267 4137 illi
295 4075 463 4138 discursus
498 4072 665 4136 hominum
694 4092 737 4136 ex
768 4071 1002 4135 diversissimis
1030 4069 1186 4155 gentibus

39 4177 149 4240 totius
171 4174 242 4238 fere
265 4174 353 4238 orbis
372 4183 533 4238 terrarum
548 4172 596 4236 ibi
612 4173 894 4253 convenientium
918 4170 1103 4237 avocabant
1117 4173 1186 4234 ani-

39 4297 136 4340 mum
158 4284 329 4361 praeterea
350 4276 415 4340 viri
435 4273 637 4337 celeberrimi
656 4283 689 4336 et
709 4272 907 4354 doctissimi,
930 4271 1050 4357 quibus
1073 4271 1187 4336 Petro-

39 4374 129 4462 polis
154 4373 317 4455 abundat,
342 4396 488 4460 quosque
513 4364 611 4437 antea
631 4373 720 4437 fama
742 4381 835 4437 notos
868 4383 937 4436 tum
967 4394 1077 4436 coram
1108 4395 1187 4458 quo·

40 4497 108 4563 que
131 4474 276 4542 salutare
299 4498 401 4543 suave
423 4474 568 4541 officium
589 4483 660 4540 erat
678 4476 849 4564 -itaque
867 4482 998 4562 praeter
1019 4497 1185 4544 sermones
