2884 5184
359 469 546 531 onrnrss
570 471 833 523 sarsnsnos.
1122 459 1162 522 41

40 649 155 708 refertur
188 644 396 724 ποθομένοιοὲ
428 648 617 710 Philoctetes
650 650 717 730 ipse
748 650 872 711 minime
903 640 1074 725 πυθόμενος
1103 648 1165 709 dici

40 759 137 830 potest.
180 751 284 830 Lege:
307 736 367 808 ὑπ’
392 745 527 826 ίχνίον.

527 989 599 1048 Lm.
624 989 666 1050 X.

111 1162 140 1199 v.
164 1137 236 1199 192.
260 1160 344 1221 sqq„
372 1142 426 1201 ubi
450 1142 595 1222 pharetra
613 1142 794 1204 Philoctetis
820 1162 839 1201 a
868 1150 971 1202 nostro
994 1150 1088 1222 poeta
1110 1143 1162 1203 de·

41 1242 176 1315 scribitur,
188 1245 246 1302 vix
257 1242 330 1301 mihi
341 1241 529 1322 persuadere
540 1264 673 1323 possum,
686 1245 806 1304 sincera
818 1264 897 1318 esse,
913 1264 993 1326 quae
1003 1244 1163 1324 leguntur:

191 1332 225 1402 ἓν
247 1339 279 1402 δὲ
299 1340 350 1421 βίη
375 1340 564 1420 Φαέθοντος,
587 1336 647 1412 rivis
668 1337 739 1425 ῥόον
757 1333 929 1424 Ἠριδανοῖο

192 1435 339 1522 βλήμενος
358 1433 393 1505 ἔκ
416 1444 551 1525 δίφροιο·
574 1442 792 1524 καταιθομὲνης
814 1434 844 1504 δ’
865 1438 925 1526 α’ρα
945 1445 1045 1527 γαίης,

195 1537 237 1618 ὥς
259 1539 337 1607 ἐτεὸν
358 1539 560 1623 καύσαιτο,
583 1543 696 1625 μέγας
714 1535 760 1608 ἐνὶ
781 1535 846 1627 ἦίρι
866 1539 989 1620 καπνός.

43 1649 104 1708 Non
129 1649 227 1709 solum
255 1669 303 1709 me
332 1656 434 1709 movet
461 1641 605 1708 καύσαιτο
629 1651 756 1729 μισοῖτο
778 1649 1001 1728 significatione
1022 1652 1163 1730 positum,

44 1772 212 1834 quamquam
241 1752 373 1810 seriores
397 1751 448 1810 hie
469 1750 534 1810 illio
556 1751 674 1833 aliquid
696 1753 755 1812 sibi
773 1751 938 1812 indulsisse
959 1752 991 1812 in
1008 1765 1164 1833 permuta·

42 1853 113 1914 tione
132 1853 225 1915 medii
250 1860 281 1912 et
297 1851 414 1930 passivi
434 1871 498 1910 non
515 1852 637 1929 ignor03
661 1853 717 1913 sed
739 1838 893 1934 optativus
911 1853 996 1914 nullo
1016 1855 1106 1916 modo
1130 1877 1164 1918 se

43 1955 109 2012 tueri
133 1964 250 2035 potest3
280 1952 418 2014 Verbum
438 1954 543 2034 itaque
563 1953 648 2014 aliud
667 1956 878 2035 reponendum
899 1964 960 2029 est,
988 1957 1070 2038 quod
1096 1980 1164 2020 oum

45 2045 142 2126 καπνὸς
168 2055 317 2136 conjungi
347 2063 449 2136 queat.
500 2054 669 2116 Praeterea
697 2058 766 2137 quis
796 2058 877 2116 ferat
904 2053 998 2136 μέγαν
1025 2052 1164 2120 κακνόνλ

45 2154 114 2214 Satis
139 2156 243 2236 lepide
266 2162 375 2235 poeta,
405 2165 487 2216 terra
511 2156 656 2231 ardente,
684 2178 815 2234 νιορκννι
839 2159 953 2218 fumum
976 2168 1073 2220 ortum
1096 2183 1165 2222 esse

47 2255 161 2334 dicoret3
184 2258 218 2316 in
240 2256 390 2335 ejusmodi
411 2258 561 2335 imagine,
584 2259 610 2316 si
634 2259 708 2339 quid
726 2278 835 2319 sensus
856 2260 971 2338 poetici
993 2261 1025 2319 in
1043 2272 1164 2336 maest,

44 2357 82 2415 rei
100 2358 191 2438 ipsius
215 2359 352 2436 gravitas
371 2379 434 2417 non
453 2358 580 2439 infringi
602 2358 695 2419 debet
717 2360 871 2439 epitheto,
901 2359 984 2438 quod
1003 2360 1042 2419 ad
1064 2363 1164 2438 gravi-

45 2465 124 2519 tatem
144 2460 233 2520 istam
250 2477 313 2518 non
335 2460 466 2538 attingit.
502 2461 560 2520 His
579 2460 717 2520 omnibus
741 2467 896 2538 permotus
919 2460 963 2519 sio
978 2460 1044 2520 fere
1059 2461 1166 2540 legen·

48 2556 106 2618 dum
127 2561 273 2640 conjicio:
755 2603 757 2609 ·

533 2658 752 2740 καταοδομὲνης
770 2651 798 2721 δ’
823 2653 882 2742 ἄρα
900 2661 1000 2743 γαίης,

198 2754 240 2835 ὧς
260 2751 356 2839 ireos,
375 2760 583 2825 κεκέδαστο
606 2760 717 2842 μέλας
738 2750 785 2823 ivl
807 2756 872 2842 ἠέρι
894 2754 1017 2835 καπνός.

51 2861 146 2943 Neque
169 2866 334 2945 quisquam
362 2864 489 2923 formem
516 2862 673 2923 κεκέδαστο
702 2866 801 2923 minus
825 2866 944 2942 epioam
965 2865 1092 2941 dixerit3
1122 2868 1167 2925 sie

47 2961 102 3040 ipse
120 2966 233 3027 Noster
254 2966 286 3024 in
305 2964 414 3025 eadem
430 2965 603 3025 hexametri
620 2963 710 3037 sede,
734 2964 788 3037 11,
811 2961 889 3021 472:

196 3055 313 3146 δηγοὶρ
333 3064 364 3125 ol
382 3063 495 3125 λασίοὶο
513 3059 660 3144 καρήατος
679 3055 801 3136 ἄλλυδις
818 3056 893 3145 ίίλλη

195 3164 358 3245 ἐγκέφαλος
380 3162 598 3227 κεκέδαστο.
684 3217 691 3228 .

49 3262 102 3324 Sed
133 3271 188 3329 etsi
220 3269 294 3328 satis
322 3269 489 3348 probabilis
516 3269 595 3328 haee
630 3268 808 3345 conjectura
835 3266 976 3340 videtur,
1008 3277 1167 3347 praestare

48 3372 136 3428 tamen
163 3390 232 3431 eam
259 3369 369 3446 nolim3
398 3389 469 3429 nam
496 3390 559 3430 non
578 3370 687 3429 minori
707 3370 776 3429 veri
796 3369 900 3450 speeie
920 3369 1021 3448 possis
1044 3390 1167 3451 quoque

48 3484 181 3545 reponere
204 3463 415 3530 κεκύλιστο.
449 3471 564 3531 Verum
577 3467 666 3548 μέλας
678 3470 890 3549 reponendum
904 3491 972 3531 esse
990 3470 1169 3549 (repositum

51 3585 156 3649 quoque
173 3572 214 3632 ab
229 3571 407 3632 Hermanno
429 3572 462 3631 in
477 3571 573 3653 Orph.
592 3594 623 3652 p.
643 3567 729 3647 715.)
752 3579 843 3630 extra
862 3591 981 3631 omnem
1004 3569 1167 3631 dubitatio·

49 3684 108 3727 nem
125 3674 255 3750 positum
275 3673 413 3748 videtnr;
440 3674 608 3752 praecipue
630 3689 754 3750 qnoque
775 3678 956 3748 propterea,
980 3670 1064 3749 quod
1080 3664 1171 3749 μένας

50 3784 153 3849 semper
172 3783 313 3854 correpta
330 3774 438 3833 ultima
458 3772 581 3853 syllaba
604 3769 657 3849 (of.
672 3770 807 3827 Dracon.
825 3768 989 3829 Stratonis..
1009 3769 1048 3830 de
1064 3773 1169 3830 metris

49 3878 118 3942 poet
136 3893 166 3953 p.
186 3873 243 3948 61,
266 3871 317 3933 22.
340 3874 398 3948 641,
423 3873 465 3953 1.)
484 3896 525 3936 ne
546 3875 580 3933 in
601 3871 663 3931 arsi
680 3870 805 3950 quidem
821 3889 930 3930 versus
952 3871 1068 3930 heroici
1087 3872 1169 3932 hano

50 3970 203 4042 producere
223 3977 377 4037 videatur.

526 4139 597 4199 Lm.
616 4138 675 4198 XI.

52 4300 76 4340 V·
95 4285 121 4347 6·
412 4281 511 4353 οὕνεκ’
528 4281 641 4369 Ἀηαιοί

162 4390 279 4475 Τρωσίν
291 4369 483 4455 ἷκεσσεύοντο
505 4389 573 4452 ιτοτλ
589 4378 708 4466 πτόλιν,
731 4378 751 4466 ἠ
773 4384 813 4449 δὲ
832 4386 883 4450 καί
900 4380 991 4450 αὐτοὶ

161 4493 265 4572 τείχεος
284 4487 352 4572 ἤϊον
371 4485 456 4567 ἐκτός
474 4515 503 4554 κ.
526 4514 551 4553 τ.
577 4495 602 4551 λ.
