<?xml version="1.0" encoding="UTF-8"?>
<!DOCTYPE html PUBLIC "-//W3C//DTD XHTML 1.0 Transitional//EN"
    "http://www.w3.org/TR/xhtml1/DTD/xhtml1-transitional.dtd">
<html xmlns="http://www.w3.org/1999/xhtml" xml:lang="en" lang="en">
 <head>
  <title>
</title>
<meta http-equiv="Content-Type" content="text/html;charset=utf-8" />
  <meta name='ocr-system' content='tesseract 3.04.00' />
  <meta name='ocr-capabilities' content='ocr_page ocr_carea ocr_par ocr_line ocrx_word'/>
</head>
<body>
  <div class='ocr_page' id='page_1' title='image "./caroliludovicis01strugoog_0129.png"; bbox 0 0 2884 5184; ppageno 0'>
   <div class='ocr_carea' id='block_1_1' title="bbox 318 450 1173 525">
    <p class='ocr_par' dir='ltr' id='par_1_1' title="bbox 318 450 1173 525">
     <span class='ocr_line' id='line_1_1' title="bbox 318 450 1173 525; baseline 0.018 -30"><span class='ocrx_word' id='word_1_1' title='bbox 318 450 433 525; x_wconf 70' lang='lat' dir='ltr'><strong>apua</strong></span> <span class='ocrx_word' id='word_1_2' title='bbox 454 452 735 502; x_wconf 75' lang='lat' dir='ltr'><strong>naoraarruu</strong></span> <span class='ocrx_word' id='word_1_3' title='bbox 758 457 899 505; x_wconf 77' lang='lat' dir='ltr'><strong>oevm.</strong></span> <span class='ocrx_word' id='word_1_4' title='bbox 1132 450 1173 510; x_wconf 85' lang='lat'><strong>65</strong></span> 
     </span>
    </p>
   </div>
   <div class='ocr_carea' id='block_1_2' title="bbox 41 620 1277 4640">
    <p class='ocr_par' dir='ltr' id='par_1_2' title="bbox 44 620 1270 1201">
     <span class='ocr_line' id='line_1_2' title="bbox 46 620 1172 710; baseline 0.012 -32"><span class='ocrx_word' id='word_1_5' title='bbox 46 637 116 699; x_wconf 86' lang='lat' dir='ltr'><strong>qaae</strong></span> <span class='ocrx_word' id='word_1_6' title='bbox 138 620 237 679; x_wconf 82' lang='lat' dir='ltr'><strong>verba</strong></span> <span class='ocrx_word' id='word_1_7' title='bbox 269 621 362 682; x_wconf 90' lang='lat' dir='ltr'><strong>editio</strong></span> <span class='ocrx_word' id='word_1_8' title='bbox 382 622 413 681; x_wconf 86' lang='grc' dir='ltr'><strong>Α</strong></span> <span class='ocrx_word' id='word_1_9' title='bbox 442 624 486 683; x_wconf 83' lang='lat' dir='ltr'><strong>sic</strong></span> <span class='ocrx_word' id='word_1_10' title='bbox 513 624 682 704; x_wconf 84' lang='lat' dir='ltr'><strong>depravata</strong></span> <span class='ocrx_word' id='word_1_11' title='bbox 709 625 836 686; x_wconf 79' lang='lat' dir='ltr'><strong>exhibet</strong></span> <span class='ocrx_word' id='word_1_12' title='bbox 860 647 1086 710; x_wconf 79' lang='grc' dir='ltr'><strong><em>καντροτροφον</em></strong></span> <span class='ocrx_word' id='word_1_13' title='bbox 1107 654 1172 692; x_wconf 84' lang='grc' dir='ltr'><strong><em>κτι-</em></strong></span> 
     </span>
     <span class='ocr_line' id='line_1_3' title="bbox 46 724 1172 810; baseline 0.013 -33"><span class='ocrx_word' id='word_1_14' title='bbox 46 736 108 796; x_wconf 84' lang='grc' dir='ltr'><strong><em>στην</em></strong></span> <span class='ocrx_word' id='word_1_15' title='bbox 134 724 203 791; x_wconf 80' lang='grc' dir='ltr'><strong><em>οθις</em></strong></span> <span class='ocrx_word' id='word_1_16' title='bbox 230 726 329 801; x_wconf 68' lang='lat' dir='ltr'><strong>picea</strong></span> <span class='ocrx_word' id='word_1_17' title='bbox 356 742 454 801; x_wconf 80' lang='grc' dir='ltr'><strong><em>ττεομοι</em></strong></span> <span class='ocrx_word' id='word_1_18' title='bbox 485 742 632 785; x_wconf 69' lang='lat' dir='ltr'><strong>amaseae</strong></span> <span class='ocrx_word' id='word_1_19' title='bbox 654 730 756 786; x_wconf 78' lang='grc' dir='ltr'><strong><em>τεθετο</em></strong></span> <span class='ocrx_word' id='word_1_20' title='bbox 775 747 827 786; x_wconf 84' lang='grc' dir='ltr'><strong>και</strong></span> <span class='ocrx_word' id='word_1_21' title='bbox 846 749 976 809; x_wconf 69' lang='lat' dir='ltr'><strong>apocopa</strong></span> <span class='ocrx_word' id='word_1_22' title='bbox 995 735 1172 810; x_wconf 63' lang='lat' dir='ltr'><strong>procuratae</strong></span> 
     </span>
     <span class='ocr_line' id='line_1_4' title="bbox 44 823 1170 914; baseline 0.014 -36"><span class='ocrx_word' id='word_1_23' title='bbox 44 837 194 899; x_wconf 80' lang='grc' dir='ltr'><strong><em>τωνεοιησε.</em></strong></span> <span class='ocrx_word' id='word_1_24' title='bbox 227 824 255 881; x_wconf 95' lang='grc' dir='ltr'>Β</span> <span class='ocrx_word' id='word_1_25' title='bbox 286 833 317 884; x_wconf 88' lang='lat' dir='ltr'><strong>et</strong></span> <span class='ocrx_word' id='word_1_26' title='bbox 345 823 370 884; x_wconf 86' lang='lat' dir='ltr'><em>O</em></span> <span class='ocrx_word' id='word_1_27' title='bbox 398 846 472 885; x_wconf 87' lang='lat' dir='ltr'><strong>vero</strong></span> <span class='ocrx_word' id='word_1_28' title='bbox 502 847 570 887; x_wconf 87' lang='lat' dir='ltr'><strong>cum</strong></span> <span class='ocrx_word' id='word_1_29' title='bbox 604 828 732 904; x_wconf 82' lang='lat' dir='ltr'><strong>vulgata</strong></span> <span class='ocrx_word' id='word_1_30' title='bbox 763 830 972 904; x_wconf 86' lang='lat' dir='ltr'><strong>consentiunt,</strong></span> <span class='ocrx_word' id='word_1_31' title='bbox 1000 834 1060 892; x_wconf 90' lang='lat' dir='ltr'><strong>nisi</strong></span> <span class='ocrx_word' id='word_1_32' title='bbox 1088 834 1170 914; x_wconf 92' lang='lat' dir='ltr'><strong>quod</strong></span> 
     </span>
     <span class='ocr_line' id='line_1_5' title="bbox 45 914 1270 1007; baseline 0.011 -27"><span class='ocrx_word' id='word_1_33' title='bbox 45 919 172 982; x_wconf 80' lang='grc' dir='ltr'><strong><em>κατέθετο</em></strong></span> <span class='ocrx_word' id='word_1_34' title='bbox 191 920 246 1005; x_wconf 79' lang='grc' dir='ltr'><strong>καὶ</strong></span> <span class='ocrx_word' id='word_1_35' title='bbox 266 914 577 1007; x_wconf 65' lang='grc' dir='ltr'><strong>ἡγήτοραρτοοὶτοοῖ.</strong></span> <span class='ocrx_word' id='word_1_36' title='bbox 611 928 649 986; x_wconf 91' lang='lat' dir='ltr'><strong>In</strong></span> <span class='ocrx_word' id='word_1_37' title='bbox 665 927 886 1007; x_wconf 84' lang='lat' dir='ltr'><strong>Sibyllinorum</strong></span> <span class='ocrx_word' id='word_1_38' title='bbox 902 931 1084 992; x_wconf 82' lang='lat' dir='ltr'><strong>collectione</strong></span> <span class='ocrx_word' id='word_1_39' title='bbox 1099 955 1167 995; x_wconf 83' lang='lat' dir='ltr'><strong>ver·</strong></span> <span class='ocrx_word' id='word_1_40' title='bbox 1264 940 1270 950; x_wconf 82' lang='grc'><strong><em>’</em></strong></span> 
     </span>
     <span class='ocr_line' id='line_1_6' title="bbox 45 1024 1170 1112; baseline 0.011 -31"><span class='ocrx_word' id='word_1_41' title='bbox 45 1043 88 1081; x_wconf 86' lang='lat' dir='ltr'><strong>sus</strong></span> <span class='ocrx_word' id='word_1_42' title='bbox 110 1024 141 1083; x_wconf 92' lang='lat' dir='ltr'><strong>hi</strong></span> <span class='ocrx_word' id='word_1_43' title='bbox 167 1045 232 1084; x_wconf 91' lang='lat' dir='ltr'><strong>non</strong></span> <span class='ocrx_word' id='word_1_44' title='bbox 261 1034 397 1100; x_wconf 87' lang='lat' dir='ltr'><strong>exstant,</strong></span> <span class='ocrx_word' id='word_1_45' title='bbox 431 1027 487 1088; x_wconf 87' lang='lat' dir='ltr'><strong>scd</strong></span> <span class='ocrx_word' id='word_1_46' title='bbox 512 1029 644 1088; x_wconf 79' lang='lat' dir='ltr'>citantur</span> <span class='ocrx_word' id='word_1_47' title='bbox 670 1050 689 1087; x_wconf 90' lang='lat' dir='ltr'><strong>a</strong></span> <span class='ocrx_word' id='word_1_48' title='bbox 711 1030 886 1111; x_wconf 84' lang='lat' dir='ltr'><strong>Theophilo</strong></span> <span class='ocrx_word' id='word_1_49' title='bbox 919 1031 959 1090; x_wconf 92' lang='lat' dir='ltr'><strong>ad</strong></span> <span class='ocrx_word' id='word_1_50' title='bbox 984 1033 1170 1112; x_wconf 80' lang='lat' dir='ltr'><strong>Autolycum</strong></span> 
     </span>
     <span class='ocr_line' id='line_1_7' title="bbox 45 1123 458 1201; baseline 0.017 -20"><span class='ocrx_word' id='word_1_51' title='bbox 45 1144 106 1201; x_wconf 84' lang='lat' dir='ltr'><strong>pag.</strong></span> <span class='ocrx_word' id='word_1_52' title='bbox 130 1123 206 1200; x_wconf 83' lang='lat'>112,</span> <span class='ocrx_word' id='word_1_53' title='bbox 229 1128 268 1185; x_wconf 90' lang='lat' dir='ltr'><strong>B.</strong></span> <span class='ocrx_word' id='word_1_54' title='bbox 289 1128 348 1187; x_wconf 89' lang='lat' dir='ltr'><strong>hoc</strong></span> <span class='ocrx_word' id='word_1_55' title='bbox 367 1129 458 1188; x_wconf 92' lang='lat' dir='ltr'><strong>modo</strong></span> 
     </span>
    </p>

    <p class='ocr_par' dir='ltr' id='par_1_3' title="bbox 158 1221 1041 1309">
     <span class='ocr_line' id='line_1_8' title="bbox 158 1221 1041 1309; baseline 0.009 -24"><span class='ocrx_word' id='word_1_56' title='bbox 158 1222 369 1308; x_wconf 83' lang='grc' dir='ltr'><strong><em>κοντότροφον</em></strong></span> <span class='ocrx_word' id='word_1_57' title='bbox 390 1228 527 1306; x_wconf 69' lang='grc' dir='ltr'><strong><em>κτίστην,</em></strong></span> <span class='ocrx_word' id='word_1_58' title='bbox 549 1221 628 1301; x_wconf 65' lang='lat' dir='ltr'><strong>dcem</strong></span> <span class='ocrx_word' id='word_1_59' title='bbox 648 1222 744 1309; x_wconf 76' lang='grc' dir='ltr'><strong><em>γλυκὺ</em></strong></span> <span class='ocrx_word' id='word_1_60' title='bbox 766 1221 874 1309; x_wconf 78' lang='grc' dir='ltr'><strong><em>πνεῦμ’</em></strong></span> <span class='ocrx_word' id='word_1_61' title='bbox 894 1229 926 1293; x_wconf 78' lang='grc' dir='ltr'><strong>ἒν</strong></span> <span class='ocrx_word' id='word_1_62' title='bbox 948 1227 1041 1294; x_wconf 70' lang='grc' dir='ltr'><strong><em>ἅπασι</em></strong></span> 
     </span>
    </p>

    <p class='ocr_par' dir='ltr' id='par_1_4' title="bbox 41 1320 1277 4547">
     <span class='ocr_line' id='line_1_9' title="bbox 158 1320 950 1411; baseline 0.008 -24"><span class='ocrx_word' id='word_1_63' title='bbox 158 1320 305 1395; x_wconf 73' lang='grc' dir='ltr'><strong><em>κάτθετο,</em></strong></span> <span class='ocrx_word' id='word_1_64' title='bbox 327 1323 357 1406; x_wconf 76' lang='grc' dir='ltr'><strong>χ’</strong></span> <span class='ocrx_word' id='word_1_65' title='bbox 380 1322 515 1411; x_wconf 75' lang='grc' dir='ltr'><strong><em>ἡγητῆρο</em></strong></span> <span class='ocrx_word' id='word_1_66' title='bbox 536 1329 652 1411; x_wconf 85' lang='grc' dir='ltr'><strong><em>βροτῶν</em></strong></span> <span class='ocrx_word' id='word_1_67' title='bbox 673 1324 796 1391; x_wconf 80' lang='grc' dir='ltr'><strong><em>πάντων</em></strong></span> <span class='ocrx_word' id='word_1_68' title='bbox 818 1329 950 1411; x_wconf 75' lang='grc' dir='ltr'><strong><em>ἐποίησε,</em></strong></span> 
     </span>
     <span class='ocr_line' id='line_1_10' title="bbox 43 1424 1167 1512; baseline 0.007 -26"><span class='ocrx_word' id='word_1_69' title='bbox 43 1427 87 1486; x_wconf 90' lang='lat' dir='ltr'><strong>ubi</strong></span> <span class='ocrx_word' id='word_1_70' title='bbox 107 1424 248 1487; x_wconf 65' lang='grc' dir='ltr'><strong><em>κατέθετο</em></strong></span> <span class='ocrx_word' id='word_1_71' title='bbox 271 1450 393 1510; x_wconf 88' lang='lat' dir='ltr'><strong>quoque</strong></span> <span class='ocrx_word' id='word_1_72' title='bbox 413 1432 446 1490; x_wconf 93' lang='lat' dir='ltr'><strong>in</strong></span> <span class='ocrx_word' id='word_1_73' title='bbox 467 1432 601 1512; x_wconf 86' lang='lat' dir='ltr'><strong>antiquis</strong></span> <span class='ocrx_word' id='word_1_74' title='bbox 624 1432 807 1493; x_wconf 83' lang='lat' dir='ltr'><strong>editionibus</strong></span> <span class='ocrx_word' id='word_1_75' title='bbox 829 1435 952 1511; x_wconf 82' lang='lat' dir='ltr'><strong>legitur.</strong></span> <span class='ocrx_word' id='word_1_76' title='bbox 990 1433 1054 1494; x_wconf 83' lang='lat' dir='ltr'><strong>Sed</strong></span> <span class='ocrx_word' id='word_1_77' title='bbox 1075 1435 1167 1512; x_wconf 82' lang='lat' dir='ltr'><strong>longe</strong></span> 
     </span>
     <span class='ocr_line' id='line_1_11' title="bbox 41 1530 1165 1614; baseline 0.008 -28"><span class='ocrx_word' id='word_1_78' title='bbox 41 1530 178 1606; x_wconf 76' lang='lat' dir='ltr'><strong>insignior</strong></span> <span class='ocrx_word' id='word_1_79' title='bbox 200 1538 250 1589; x_wconf 85' lang='lat' dir='ltr'><strong>est</strong></span> <span class='ocrx_word' id='word_1_80' title='bbox 269 1533 404 1592; x_wconf 86' lang='lat' dir='ltr'><strong>varietas</strong></span> <span class='ocrx_word' id='word_1_81' title='bbox 426 1533 481 1591; x_wconf 92' lang='lat' dir='ltr'><strong>illa</strong></span> <span class='ocrx_word' id='word_1_82' title='bbox 502 1535 585 1592; x_wconf 84' lang='grc' dir='ltr'><strong><em>θεῶν</em></strong></span> <span class='ocrx_word' id='word_1_83' title='bbox 606 1543 637 1594; x_wconf 88' lang='lat' dir='ltr'><strong>ct</strong></span> <span class='ocrx_word' id='word_1_84' title='bbox 651 1534 784 1614; x_wconf 77' lang='grc' dir='ltr'><strong><em>βροτῶν,</em></strong></span> <span class='ocrx_word' id='word_1_85' title='bbox 808 1554 898 1614; x_wconf 89' lang='lat' dir='ltr'><strong>quam</strong></span> <span class='ocrx_word' id='word_1_86' title='bbox 914 1535 1065 1596; x_wconf 86' lang='lat' dir='ltr'><strong>discutere</strong></span> <span class='ocrx_word' id='word_1_87' title='bbox 1080 1536 1165 1595; x_wconf 86' lang='lat' dir='ltr'><strong>theo-</strong></span> 
     </span>
     <span class='ocr_line' id='line_1_12' title="bbox 43 1630 1166 1716; baseline 0.007 -28"><span class='ocrx_word' id='word_1_88' title='bbox 43 1630 110 1706; x_wconf 79' lang='lat' dir='ltr'><strong>logis</strong></span> <span class='ocrx_word' id='word_1_89' title='bbox 136 1631 359 1711; x_wconf 86' lang='lat' dir='ltr'><strong>relinquamus.</strong></span> <span class='ocrx_word' id='word_1_90' title='bbox 402 1633 468 1692; x_wconf 87' lang='lat' dir='ltr'><strong>Nos</strong></span> <span class='ocrx_word' id='word_1_91' title='bbox 498 1635 620 1715; x_wconf 86' lang='lat' dir='ltr'><strong>quidem</strong></span> <span class='ocrx_word' id='word_1_92' title='bbox 647 1657 702 1716; x_wconf 88' lang='lat' dir='ltr'><strong>pro</strong></span> <span class='ocrx_word' id='word_1_93' title='bbox 728 1645 810 1695; x_wconf 84' lang='lat' dir='ltr'><strong>certo</strong></span> <span class='ocrx_word' id='word_1_94' title='bbox 833 1636 985 1696; x_wconf 87' lang='lat' dir='ltr'><strong>affirmare</strong></span> <span class='ocrx_word' id='word_1_95' title='bbox 1010 1636 1166 1710; x_wconf 85' lang='lat' dir='ltr'><strong>audemus,</strong></span> 
     </span>
     <span class='ocr_line' id='line_1_13' title="bbox 43 1735 1168 1816; baseline 0.006 -27"><span class='ocrx_word' id='word_1_96' title='bbox 43 1751 131 1813; x_wconf 87' lang='lat' dir='ltr'><strong>neque</strong></span> <span class='ocrx_word' id='word_1_97' title='bbox 159 1736 244 1792; x_wconf 78' lang='grc' dir='ltr'><strong><em>θεῶν</em></strong></span> <span class='ocrx_word' id='word_1_98' title='bbox 271 1754 373 1816; x_wconf 89' lang='lat' dir='ltr'><strong>neque</strong></span> <span class='ocrx_word' id='word_1_99' title='bbox 400 1735 515 1813; x_wconf 78' lang='grc' dir='ltr'><strong><em>βροτῶν</em></strong></span> <span class='ocrx_word' id='word_1_100' title='bbox 542 1756 561 1794; x_wconf 91' lang='lat' dir='ltr'><strong>a</strong></span> <span class='ocrx_word' id='word_1_101' title='bbox 580 1738 742 1797; x_wconf 81' lang='lat' dir='ltr'><strong>Lactantio</strong></span> <span class='ocrx_word' id='word_1_102' title='bbox 770 1739 883 1800; x_wconf 86' lang='lat' dir='ltr'><strong>lectum</strong></span> <span class='ocrx_word' id='word_1_103' title='bbox 905 1759 989 1814; x_wconf 80' lang='lat' dir='ltr'><strong>esse3</strong></span> <span class='ocrx_word' id='word_1_104' title='bbox 1018 1757 1089 1797; x_wconf 86' lang='lat' dir='ltr'><strong>nam</strong></span> <span class='ocrx_word' id='word_1_105' title='bbox 1107 1741 1168 1796; x_wconf 78' lang='lat' dir='ltr'><strong>dua</strong></span> 
     </span>
     <span class='ocr_line' id='line_1_14' title="bbox 43 1836 1167 1917; baseline 0.008 -28"><span class='ocrx_word' id='word_1_106' title='bbox 43 1839 233 1908; x_wconf 78' lang='lat' dir='ltr'><strong>aimperator</strong></span> <span class='ocrx_word' id='word_1_107' title='bbox 261 1840 381 1894; x_wconf 77' lang='grc' dir='ltr'><strong><em>οκικίκττ</em></strong></span> <span class='ocrx_word' id='word_1_108' title='bbox 408 1838 514 1896; x_wconf 88' lang='lat' dir='ltr'><strong>vocari</strong></span> <span class='ocrx_word' id='word_1_109' title='bbox 530 1857 560 1897; x_wconf 87' lang='lat' dir='ltr'><strong>-a</strong></span> <span class='ocrx_word' id='word_1_110' title='bbox 588 1836 709 1917; x_wconf 80' lang='lat' dir='ltr'><strong>Sibylla</strong></span> <span class='ocrx_word' id='word_1_111' title='bbox 738 1839 868 1899; x_wconf 85' lang='lat' dir='ltr'><strong>refertur</strong></span> <span class='ocrx_word' id='word_1_112' title='bbox 896 1840 977 1899; x_wconf 81' lang='lat' dir='ltr'><strong>filius</strong></span> <span class='ocrx_word' id='word_1_113' title='bbox 998 1841 1075 1912; x_wconf 89' lang='lat' dir='ltr'><strong>Dei,</strong></span> <span class='ocrx_word' id='word_1_114' title='bbox 1105 1858 1167 1898; x_wconf 91' lang='lat' dir='ltr'><strong>non</strong></span> 
     </span>
     <span class='ocr_line' id='line_1_15' title="bbox 42 1933 1165 2021; baseline 0.004 -30"><span class='ocrx_word' id='word_1_115' title='bbox 42 1933 165 1994; x_wconf 86' lang='lat' dir='ltr'><strong>Deorum</strong></span> <span class='ocrx_word' id='word_1_116' title='bbox 183 1937 328 2010; x_wconf 87' lang='lat' dir='ltr'><strong>omnium,</strong></span> <span class='ocrx_word' id='word_1_117' title='bbox 346 1936 429 2017; x_wconf 87' lang='lat' dir='ltr'><strong>quod</strong></span> <span class='ocrx_word' id='word_1_118' title='bbox 443 1938 567 2017; x_wconf 89' lang='lat' dir='ltr'><strong>impium</strong></span> <span class='ocrx_word' id='word_1_119' title='bbox 582 1948 664 1999; x_wconf 86' lang='lat' dir='ltr'><strong>essct</strong></span> <span class='ocrx_word' id='word_1_120' title='bbox 683 1940 876 2018; x_wconf 82' lang='lat' dir='ltr'><strong>(Lactantius</strong></span> <span class='ocrx_word' id='word_1_121' title='bbox 891 1942 983 2021; x_wconf 87' lang='lat' dir='ltr'><strong>paulo</strong></span> <span class='ocrx_word' id='word_1_122' title='bbox 1000 1950 1072 2001; x_wconf 87' lang='lat' dir='ltr'><strong>ante</strong></span> <span class='ocrx_word' id='word_1_123' title='bbox 1087 1938 1118 2016; x_wconf 63' lang='grc' dir='ltr'><strong>ξ.</strong></span> <span class='ocrx_word' id='word_1_124' title='bbox 1135 1936 1165 1997; x_wconf 85' lang='lat'><strong>2.</strong></span> 
     </span>
     <span class='ocr_line' id='line_1_16' title="bbox 44 2041 1165 2116; baseline 0.009 -27"><span class='ocrx_word' id='word_1_125' title='bbox 44 2044 66 2090; x_wconf 76' lang='lat' dir='ltr'><strong>el</strong></span> <span class='ocrx_word' id='word_1_126' title='bbox 81 2042 199 2109; x_wconf 70' lang='grc' dir='ltr'><strong><em>ρκοκνίο</em></strong></span> <span class='ocrx_word' id='word_1_127' title='bbox 220 2041 292 2097; x_wconf 77' lang='lat' dir='ltr'><strong>alios</strong></span> <span class='ocrx_word' id='word_1_128' title='bbox 308 2047 408 2112; x_wconf 79' lang='lat' dir='ltr'><strong>postea</strong></span> <span class='ocrx_word' id='word_1_129' title='bbox 428 2043 641 2099; x_wconf 75' lang='lat' dir='ltr'><strong>innumerabiles</strong></span> <span class='ocrx_word' id='word_1_130' title='bbox 657 2059 714 2116; x_wconf 84' lang='lat' dir='ltr'><strong>per</strong></span> <span class='ocrx_word' id='word_1_131' title='bbox 734 2046 825 2116; x_wconf 78' lang='lat' dir='ltr'><strong>ipsum</strong></span> <span class='ocrx_word' id='word_1_132' title='bbox 846 2048 1009 2113; x_wconf 65' lang='lat' dir='ltr'><strong>crassescet,</strong></span> <span class='ocrx_word' id='word_1_133' title='bbox 1032 2059 1100 2116; x_wconf 80' lang='lat' dir='ltr'><strong>qaos</strong></span> <span class='ocrx_word' id='word_1_134' title='bbox 1114 2060 1165 2100; x_wconf 84' lang='lat' dir='ltr'><strong>aa·</strong></span> 
     </span>
     <span class='ocr_line' id='line_1_17' title="bbox 43 2140 1208 2227; baseline 0.006 -35"><span class='ocrx_word' id='word_1_135' title='bbox 43 2140 107 2208; x_wconf 77' lang='lat' dir='ltr'><strong>polos</strong></span> <span class='ocrx_word' id='word_1_136' title='bbox 123 2141 256 2207; x_wconf 68' lang='lat' dir='ltr'><strong>dicimus,</strong></span> <span class='ocrx_word' id='word_1_137' title='bbox 276 2141 350 2197; x_wconf 74' lang='lat' dir='ltr'><strong>hune</strong></span> <span class='ocrx_word' id='word_1_138' title='bbox 368 2148 459 2198; x_wconf 75' lang='lat' dir='ltr'><strong>tamea</strong></span> <span class='ocrx_word' id='word_1_139' title='bbox 476 2144 588 2214; x_wconf 75' lang='grc' dir='ltr'><strong>(βῑὶκκι)</strong></span> <span class='ocrx_word' id='word_1_140' title='bbox 607 2145 694 2200; x_wconf 84' lang='lat' dir='ltr'><strong>solam</strong></span> <span class='ocrx_word' id='word_1_141' title='bbox 712 2147 805 2227; x_wconf 68' lang='lat' dir='ltr'><strong>premo</strong></span> <span class='ocrx_word' id='word_1_142' title='bbox 818 2146 937 2217; x_wconf 79' lang='lat' dir='ltr'><strong>penitam</strong></span> <span class='ocrx_word' id='word_1_143' title='bbox 951 2145 1036 2202; x_wconf 76' lang='grc' dir='ltr'><strong><em>ῶντκτ·</em></strong></span> <span class='ocrx_word' id='word_1_144' title='bbox 1047 2146 1165 2199; x_wconf 73' lang='lat' dir='ltr'><strong>manicis</strong></span> <span class='ocrx_word' id='word_1_145' title='bbox 1182 2158 1208 2199; x_wconf 74' lang='grc' dir='ltr'><strong>νο</strong></span> 
     </span>
     <span class='ocr_line' id='line_1_18' title="bbox 43 2242 1165 2314; baseline 0.004 -22"><span class='ocrx_word' id='word_1_146' title='bbox 43 2242 216 2311; x_wconf 75' lang='lat' dir='ltr'><strong>appellatione</strong></span> <span class='ocrx_word' id='word_1_147' title='bbox 246 2243 373 2313; x_wconf 70' lang='grc' dir='ltr'><strong><em>ῶρκαίκτ</em></strong></span> <span class='ocrx_word' id='word_1_148' title='bbox 393 2249 448 2310; x_wconf 80' lang='lat' dir='ltr'><strong>est,</strong></span> <span class='ocrx_word' id='word_1_149' title='bbox 474 2245 571 2313; x_wconf 74' lang='lat' dir='ltr'><strong>patria</strong></span> <span class='ocrx_word' id='word_1_150' title='bbox 592 2246 696 2299; x_wconf 79' lang='lat' dir='ltr'><strong>scilicet</strong></span> <span class='ocrx_word' id='word_1_151' title='bbox 714 2247 817 2300; x_wconf 81' lang='lat' dir='ltr'><strong>virtute</strong></span> <span class='ocrx_word' id='word_1_152' title='bbox 837 2259 872 2298; x_wconf 88' lang='lat' dir='ltr'><strong>ac</strong></span> <span class='ocrx_word' id='word_1_153' title='bbox 892 2244 1039 2314; x_wconf 79' lang='lat' dir='ltr'><strong>majestate</strong></span> <span class='ocrx_word' id='word_1_154' title='bbox 1056 2242 1165 2313; x_wconf 84' lang='lat' dir='ltr'><strong>pollen-</strong></span> 
     </span>
     <span class='ocr_line' id='line_1_19' title="bbox 43 2337 1165 2421; baseline 0.001 -23"><span class='ocrx_word' id='word_1_155' title='bbox 43 2340 112 2408; x_wconf 76' lang='lat' dir='ltr'><strong>tem),</strong></span> <span class='ocrx_word' id='word_1_156' title='bbox 133 2360 239 2419; x_wconf 84' lang='lat' dir='ltr'><strong>neque</strong></span> <span class='ocrx_word' id='word_1_157' title='bbox 261 2340 430 2413; x_wconf 87' lang='lat' dir='ltr'><strong>hominum,</strong></span> <span class='ocrx_word' id='word_1_158' title='bbox 455 2341 536 2421; x_wconf 91' lang='lat' dir='ltr'><strong>quod</strong></span> <span class='ocrx_word' id='word_1_159' title='bbox 558 2343 647 2402; x_wconf 92' lang='lat' dir='ltr'><strong>nimis</strong></span> <span class='ocrx_word' id='word_1_160' title='bbox 664 2349 826 2420; x_wconf 83' lang='lat' dir='ltr'><strong>angustum</strong></span> <span class='ocrx_word' id='word_1_161' title='bbox 842 2347 937 2412; x_wconf 85' lang='lat' dir='ltr'><strong>esset,</strong></span> <span class='ocrx_word' id='word_1_162' title='bbox 961 2337 1017 2398; x_wconf 91' lang='lat' dir='ltr'><strong>sed</strong></span> <span class='ocrx_word' id='word_1_163' title='bbox 1033 2340 1165 2399; x_wconf 89' lang='lat' dir='ltr'><strong>omnium</strong></span> 
     </span>
     <span class='ocr_line' id='line_1_20' title="bbox 43 2433 1165 2525; baseline 0.006 -31"><span class='ocrx_word' id='word_1_164' title='bbox 43 2456 130 2498; x_wconf 87' lang='lat' dir='ltr'><strong>reram</strong></span> <span class='ocrx_word' id='word_1_165' title='bbox 151 2442 212 2499; x_wconf 87' lang='grc' dir='ltr'><strong>τῶν</strong></span> <span class='ocrx_word' id='word_1_166' title='bbox 234 2433 365 2500; x_wconf 76' lang='grc' dir='ltr'><strong>πάντων.</strong></span> <span class='ocrx_word' id='word_1_167' title='bbox 399 2441 450 2500; x_wconf 83' lang='lat' dir='ltr'><strong>Ex</strong></span> <span class='ocrx_word' id='word_1_168' title='bbox 472 2443 640 2525; x_wconf 78' lang='lat' dir='ltr'><strong>Theophili</strong></span> <span class='ocrx_word' id='word_1_169' title='bbox 662 2464 756 2524; x_wconf 86' lang='lat' dir='ltr'><strong>opere</strong></span> <span class='ocrx_word' id='word_1_170' title='bbox 777 2439 903 2502; x_wconf 87' lang='lat' dir='ltr'><strong>laudato</strong></span> <span class='ocrx_word' id='word_1_171' title='bbox 925 2441 957 2499; x_wconf 93' lang='lat' dir='ltr'><strong>in</strong></span> <span class='ocrx_word' id='word_1_172' title='bbox 977 2440 1165 2520; x_wconf 86' lang='lat' dir='ltr'><strong>prooemium</strong></span> 
     </span>
     <span class='ocr_line' id='line_1_21' title="bbox 44 2535 1163 2624; baseline 0.003 -27"><span class='ocrx_word' id='word_1_173' title='bbox 44 2535 263 2617; x_wconf 84' lang='lat' dir='ltr'><strong>Sibyllinorum.</strong></span> <span class='ocrx_word' id='word_1_174' title='bbox 286 2563 317 2601; x_wconf 71' lang='lat' dir='ltr'><strong>v·</strong></span> <span class='ocrx_word' id='word_1_175' title='bbox 341 2541 370 2600; x_wconf 87' lang='grc'><strong>5.</strong></span> <span class='ocrx_word' id='word_1_176' title='bbox 395 2563 441 2624; x_wconf 87' lang='lat' dir='ltr'><strong>sq.</strong></span> <span class='ocrx_word' id='word_1_177' title='bbox 464 2545 566 2605; x_wconf 87' lang='lat' dir='ltr'><strong>intulit</strong></span> <span class='ocrx_word' id='word_1_178' title='bbox 587 2547 664 2606; x_wconf 87' lang='lat' dir='ltr'><strong>haec</strong></span> <span class='ocrx_word' id='word_1_179' title='bbox 684 2545 781 2606; x_wconf 85' lang='lat' dir='ltr'><strong>verba</strong></span> <span class='ocrx_word' id='word_1_180' title='bbox 804 2542 1002 2623; x_wconf 85' lang='lat' dir='ltr'><strong>Opsopaeus‚</strong></span> <span class='ocrx_word' id='word_1_181' title='bbox 1023 2561 1096 2621; x_wconf 83' lang='lat' dir='ltr'><strong>pag.</strong></span> <span class='ocrx_word' id='word_1_182' title='bbox 1116 2538 1163 2600; x_wconf 83' lang='lat'><strong>12.</strong></span> 
     </span>
     <span class='ocr_line' id='line_1_22' title="bbox 45 2635 1165 2726; baseline 0.004 -30"><span class='ocrx_word' id='word_1_183' title='bbox 45 2636 114 2699; x_wconf 83' lang='lat' dir='ltr'><strong>Gall.</strong></span> <span class='ocrx_word' id='word_1_184' title='bbox 135 2642 187 2704; x_wconf 92' lang='lat' dir='ltr'><strong>ubi</strong></span> <span class='ocrx_word' id='word_1_185' title='bbox 202 2643 403 2724; x_wconf 87' lang='lat' dir='ltr'><strong>Opsopaeus‚</strong></span> <span class='ocrx_word' id='word_1_186' title='bbox 427 2654 590 2726; x_wconf 84' lang='lat' dir='ltr'><strong>postquam</strong></span> <span class='ocrx_word' id='word_1_187' title='bbox 612 2669 652 2708; x_wconf 83' lang='lat' dir='ltr'><strong>ex</strong></span> <span class='ocrx_word' id='word_1_188' title='bbox 666 2647 813 2707; x_wconf 84' lang='lat' dir='ltr'><strong>Turnebo</strong></span> <span class='ocrx_word' id='word_1_189' title='bbox 834 2645 937 2705; x_wconf 89' lang='lat' dir='ltr'><strong>docuit</strong></span> <span class='ocrx_word' id='word_1_190' title='bbox 958 2635 1165 2724; x_wconf 81' lang='grc' dir='ltr'><strong><em>καντοτρόφον</em></strong></span> 
     </span>
     <span class='ocr_line' id='line_1_23' title="bbox 43 2733 1165 2822; baseline 0.003 -25"><span class='ocrx_word' id='word_1_191' title='bbox 43 2743 174 2803; x_wconf 83' lang='lat' dir='ltr'><strong>translato</strong></span> <span class='ocrx_word' id='word_1_192' title='bbox 204 2752 336 2804; x_wconf 86' lang='lat' dir='ltr'><strong>accentu</strong></span> <span class='ocrx_word' id='word_1_193' title='bbox 360 2745 553 2807; x_wconf 86' lang='lat' dir='ltr'><strong>scribendum</strong></span> <span class='ocrx_word' id='word_1_194' title='bbox 581 2769 665 2822; x_wconf 87' lang='lat' dir='ltr'><strong>csse,</strong></span> <span class='ocrx_word' id='word_1_195' title='bbox 694 2733 778 2808; x_wconf 87' lang='lat' dir='ltr'><strong>hacc</strong></span> <span class='ocrx_word' id='word_1_196' title='bbox 799 2745 899 2805; x_wconf 85' lang='lat' dir='ltr'><strong>addit:</strong></span> <span class='ocrx_word' id='word_1_197' title='bbox 933 2749 981 2815; x_wconf 79' lang='lat' dir='ltr'><strong>„in</strong></span> <span class='ocrx_word' id='word_1_198' title='bbox 1010 2748 1165 2817; x_wconf 78' lang='lat' dir='ltr'><strong>posteriore</strong></span> 
     </span>
     <span class='ocr_line' id='line_1_24' title="bbox 43 2846 1165 2924; baseline -0.009 -14"><span class='ocrx_word' id='word_1_199' title='bbox 43 2846 138 2915; x_wconf 74' lang='lat' dir='ltr'><strong>(versu)</strong></span> <span class='ocrx_word' id='word_1_200' title='bbox 156 2863 266 2905; x_wconf 76' lang='grc' dir='ltr'><strong><em>οοοκτα</em></strong></span> <span class='ocrx_word' id='word_1_201' title='bbox 281 2848 421 2905; x_wconf 80' lang='lat' dir='ltr'><strong>Lactantii</strong></span> <span class='ocrx_word' id='word_1_202' title='bbox 439 2854 614 2924; x_wconf 78' lang='lat' dir='ltr'><strong>exemplaria</strong></span> <span class='ocrx_word' id='word_1_203' title='bbox 632 2859 659 2908; x_wconf 81' lang='lat' dir='ltr'><strong>et</strong></span> <span class='ocrx_word' id='word_1_204' title='bbox 677 2855 812 2923; x_wconf 73' lang='lat' dir='ltr'><strong>saraptam</strong></span> <span class='ocrx_word' id='word_1_205' title='bbox 826 2851 860 2903; x_wconf 87' lang='lat' dir='ltr'><strong>el.</strong></span> <span class='ocrx_word' id='word_1_206' title='bbox 874 2866 899 2903; x_wconf 85' lang='lat' dir='ltr'><strong>a.</strong></span> <span class='ocrx_word' id='word_1_207' title='bbox 913 2847 1034 2901; x_wconf 76' lang='lat' dir='ltr'><strong>Peteona·</strong></span> <span class='ocrx_word' id='word_1_208' title='bbox 1046 2849 1165 2917; x_wconf 77' lang='lat' dir='ltr'><strong>optimae</strong></span> 
     </span>
     <span class='ocr_line' id='line_1_25' title="bbox 44 2932 1163 3026; baseline 0.003 -28"><span class='ocrx_word' id='word_1_209' title='bbox 44 2952 113 3002; x_wconf 77' lang='grc' dir='ltr'><strong><em>τοῑοτ</em></strong></span> <span class='ocrx_word' id='word_1_210' title='bbox 133 2949 237 3006; x_wconf 77' lang='lat' dir='ltr'><strong>habeat</strong></span> <span class='ocrx_word' id='word_1_211' title='bbox 259 2936 288 3023; x_wconf 83' lang='grc' dir='ltr'><strong>χ’</strong></span> <span class='ocrx_word' id='word_1_212' title='bbox 310 2939 445 3025; x_wconf 78' lang='grc' dir='ltr'><strong><em>ἡγητῆρα</em></strong></span> <span class='ocrx_word' id='word_1_213' title='bbox 465 2951 535 3026; x_wconf 68' lang='lat' dir='ltr'><strong>da,</strong></span> <span class='ocrx_word' id='word_1_214' title='bbox 563 2955 637 3010; x_wconf 84' lang='lat' dir='ltr'><strong>ande</strong></span> <span class='ocrx_word' id='word_1_215' title='bbox 655 2955 698 3010; x_wconf 83' lang='lat' dir='ltr'><strong>ael</strong></span> <span class='ocrx_word' id='word_1_216' title='bbox 718 2948 801 3007; x_wconf 79' lang='grc' dir='ltr'><strong><em>θεῶν</em></strong></span> <span class='ocrx_word' id='word_1_217' title='bbox 821 2948 865 3004; x_wconf 84' lang='lat' dir='ltr'><strong>ael</strong></span> <span class='ocrx_word' id='word_1_218' title='bbox 884 2932 958 3002; x_wconf 81' lang='grc' dir='ltr'><strong><em>θεὸν</em></strong></span> <span class='ocrx_word' id='word_1_219' title='bbox 976 2947 1044 3016; x_wconf 73' lang='lat' dir='ltr'><strong>fieri</strong></span> <span class='ocrx_word' id='word_1_220' title='bbox 1057 2951 1163 3017; x_wconf 78' lang='lat' dir='ltr'><strong>potest.-</strong></span> 
     </span>
     <span class='ocr_line' id='line_1_26' title="bbox 43 3040 1272 3124; baseline 0.002 -26"><span class='ocrx_word' id='word_1_221' title='bbox 43 3048 85 3102; x_wconf 77' lang='grc' dir='ltr'><strong>τῶ</strong></span> <span class='ocrx_word' id='word_1_222' title='bbox 99 3050 238 3107; x_wconf 63' lang='lat' dir='ltr'><strong>uetanti</strong></span> <span class='ocrx_word' id='word_1_223' title='bbox 256 3054 340 3106; x_wconf 80' lang='lat' dir='ltr'><strong>menti</strong></span> <span class='ocrx_word' id='word_1_224' title='bbox 354 3055 474 3123; x_wconf 69' lang='lat' dir='ltr'><strong>prapaes</strong></span> <span class='ocrx_word' id='word_1_225' title='bbox 491 3055 597 3110; x_wconf 77' lang='lat' dir='ltr'><strong>aceedit</strong></span> <span class='ocrx_word' id='word_1_226' title='bbox 618 3040 708 3124; x_wconf 79' lang='grc' dir='ltr'><strong><em>θεὸν,</em></strong></span> <span class='ocrx_word' id='word_1_227' title='bbox 736 3057 766 3107; x_wconf 84' lang='lat' dir='ltr'><strong>at</strong></span> <span class='ocrx_word' id='word_1_228' title='bbox 780 3050 868 3120; x_wconf 81' lang='lat' dir='ltr'><strong>filiam</strong></span> <span class='ocrx_word' id='word_1_229' title='bbox 892 3046 947 3101; x_wconf 81' lang='lat' dir='ltr'><strong>Dei</strong></span> <span class='ocrx_word' id='word_1_230' title='bbox 966 3045 1055 3101; x_wconf 84' lang='lat' dir='ltr'><strong>Deam</strong></span> <span class='ocrx_word' id='word_1_231' title='bbox 1076 3046 1163 3102; x_wconf 85' lang='lat' dir='ltr'><strong>lacem</strong></span> <span class='ocrx_word' id='word_1_232' title='bbox 1264 3042 1272 3049; x_wconf 84' lang='lat'><em>&#39;</em></span> 
     </span>
     <span class='ocr_line' id='line_1_27' title="bbox 44 3144 1162 3233; baseline -0.004 -28"><span class='ocrx_word' id='word_1_233' title='bbox 44 3144 105 3221; x_wconf 85' lang='lat' dir='ltr'><strong>(imo</strong></span> <span class='ocrx_word' id='word_1_234' title='bbox 122 3153 238 3216; x_wconf 78' lang='lat' dir='ltr'><strong>dacem3</strong></span> <span class='ocrx_word' id='word_1_235' title='bbox 263 3169 396 3209; x_wconf 87' lang='lat' dir='ltr'><strong>errorem</strong></span> <span class='ocrx_word' id='word_1_236' title='bbox 417 3161 534 3212; x_wconf 83' lang='lat' dir='ltr'><strong>secure</strong></span> <span class='ocrx_word' id='word_1_237' title='bbox 546 3152 731 3233; x_wconf 84' lang='lat' dir='ltr'><strong>propagavit</strong></span> <span class='ocrx_word' id='word_1_238' title='bbox 755 3144 917 3222; x_wconf 86' lang='lat' dir='ltr'><strong>Gallaeus)</strong></span> <span class='ocrx_word' id='word_1_239' title='bbox 940 3148 1013 3203; x_wconf 81' lang='lat' dir='ltr'><strong>dicat</strong></span> <span class='ocrx_word' id='word_1_240' title='bbox 1033 3149 1162 3214; x_wconf 79' lang='lat' dir='ltr'><strong>omnium,</strong></span> 
     </span>
     <span class='ocr_line' id='line_1_28' title="bbox 42 3238 1164 3331; baseline -0.005 -21"><span class='ocrx_word' id='word_1_241' title='bbox 42 3255 68 3302; x_wconf 79' lang='lat' dir='ltr'><strong>at</strong></span> <span class='ocrx_word' id='word_1_242' title='bbox 80 3268 141 3325; x_wconf 81' lang='lat' dir='ltr'><strong>pop.</strong></span> <span class='ocrx_word' id='word_1_243' title='bbox 170 3250 241 3310; x_wconf 87' lang='grc'><strong>155.</strong></span> <span class='ocrx_word' id='word_1_244' title='bbox 262 3250 347 3331; x_wconf 80' lang='lat' dir='ltr'><strong>(pag.</strong></span> <span class='ocrx_word' id='word_1_245' title='bbox 370 3247 420 3310; x_wconf 83' lang='lat'><strong>28.</strong></span> <span class='ocrx_word' id='word_1_246' title='bbox 438 3250 534 3329; x_wconf 81' lang='lat' dir='ltr'><strong>Gall.)</strong></span> <span class='ocrx_word' id='word_1_247' title='bbox 556 3257 622 3312; x_wconf 79' lang='lat' dir='ltr'><strong>dicit</strong></span> <span class='ocrx_word' id='word_1_248' title='bbox 642 3245 763 3312; x_wconf 78' lang='grc' dir='ltr'><strong><em>πάντων</em></strong></span> <span class='ocrx_word' id='word_1_249' title='bbox 781 3238 818 3309; x_wconf 73' lang='grc' dir='ltr'><strong>θ’</strong></span> <span class='ocrx_word' id='word_1_250' title='bbox 837 3241 971 3328; x_wconf 63' lang='lat' dir='ltr'><strong>hyeriae</strong></span> <span class='ocrx_word' id='word_1_251' title='bbox 989 3243 1164 3324; x_wconf 76' lang='grc' dir='ltr'><strong><em>κατέστησεν</em></strong></span> 
     </span>
     <span class='ocr_line' id='line_1_29' title="bbox 43 3341 1165 3429; baseline -0.001 -22"><span class='ocrx_word' id='word_1_252' title='bbox 43 3341 223 3427; x_wconf 59' lang='lat' dir='ltr'><strong>artaxem</strong></span> <span class='ocrx_word' id='word_1_253' title='bbox 245 3358 292 3412; x_wconf 83' lang='lat' dir='ltr'><strong>cai</strong></span> <span class='ocrx_word' id='word_1_254' title='bbox 306 3357 397 3428; x_wconf 83' lang='lat' dir='ltr'><strong>plane</strong></span> <span class='ocrx_word' id='word_1_255' title='bbox 414 3372 535 3413; x_wconf 81' lang='lat' dir='ltr'><strong>consona</strong></span> <span class='ocrx_word' id='word_1_256' title='bbox 558 3363 599 3412; x_wconf 78' lang='lat' dir='ltr'><strong>ert</strong></span> <span class='ocrx_word' id='word_1_257' title='bbox 605 3364 706 3429; x_wconf 81' lang='lat' dir='ltr'><strong>poetae</strong></span> <span class='ocrx_word' id='word_1_258' title='bbox 716 3352 953 3429; x_wconf 72' lang='lat' dir='ltr'><strong>praenuntiatam·</strong></span> <span class='ocrx_word' id='word_1_259' title='bbox 964 3350 1047 3407; x_wconf 83' lang='lat' dir='ltr'><strong>Joaa.</strong></span> <span class='ocrx_word' id='word_1_260' title='bbox 1064 3351 1165 3406; x_wconf 78' lang='lat' dir='ltr'><strong>Aerati</strong></span> 
     </span>
     <span class='ocr_line' id='line_1_30' title="bbox 44 3443 1162 3534; baseline -0.005 -21"><span class='ocrx_word' id='word_1_261' title='bbox 44 3449 123 3523; x_wconf 59' lang='lat' dir='ltr'><strong>tcta,</strong></span> <span class='ocrx_word' id='word_1_262' title='bbox 144 3445 171 3531; x_wconf 85' lang='grc' dir='ltr'><strong>χ’</strong></span> <span class='ocrx_word' id='word_1_263' title='bbox 191 3446 327 3534; x_wconf 76' lang='grc' dir='ltr'><strong><em>ἡγητῆρα</em></strong></span> <span class='ocrx_word' id='word_1_264' title='bbox 348 3443 456 3534; x_wconf 81' lang='grc' dir='ltr'><strong><em>βροτὸν</em></strong></span> <span class='ocrx_word' id='word_1_265' title='bbox 475 3445 613 3529; x_wconf 78' lang='grc' dir='ltr'><strong><em>πάντων,</em></strong></span> <span class='ocrx_word' id='word_1_266' title='bbox 633 3465 664 3513; x_wconf 83' lang='lat' dir='ltr'><strong>at</strong></span> <span class='ocrx_word' id='word_1_267' title='bbox 680 3457 816 3513; x_wconf 74' lang='lat' dir='ltr'><strong>hommem</strong></span> <span class='ocrx_word' id='word_1_268' title='bbox 836 3466 936 3524; x_wconf 81' lang='lat' dir='ltr'><strong>nempe</strong></span> <span class='ocrx_word' id='word_1_269' title='bbox 948 3454 1043 3509; x_wconf 84' lang='lat' dir='ltr'><strong>Jeeam</strong></span> <span class='ocrx_word' id='word_1_270' title='bbox 1065 3453 1162 3508; x_wconf 80' lang='lat' dir='ltr'><strong>dacem</strong></span> 
     </span>
     <span class='ocr_line' id='line_1_31' title="bbox 43 3550 1162 3615; baseline -0.001 -7"><span class='ocrx_word' id='word_1_271' title='bbox 43 3556 148 3610; x_wconf 70' lang='lat' dir='ltr'><strong>omnam</strong></span> <span class='ocrx_word' id='word_1_272' title='bbox 169 3559 303 3613; x_wconf 62' lang='lat' dir='ltr'><strong>decerit“</strong></span> <span class='ocrx_word' id='word_1_273' title='bbox 336 3555 374 3614; x_wconf 92' lang='lat' dir='ltr'><strong>In</strong></span> <span class='ocrx_word' id='word_1_274' title='bbox 395 3556 502 3615; x_wconf 90' lang='lat' dir='ltr'><strong>horum</strong></span> <span class='ocrx_word' id='word_1_275' title='bbox 521 3554 684 3613; x_wconf 86' lang='lat' dir='ltr'><strong>verboram</strong></span> <span class='ocrx_word' id='word_1_276' title='bbox 702 3554 790 3612; x_wconf 90' lang='lat' dir='ltr'><strong>initio</strong></span> <span class='ocrx_word' id='word_1_277' title='bbox 811 3550 971 3613; x_wconf 86' lang='lat' dir='ltr'><strong>brevitatis</strong></span> <span class='ocrx_word' id='word_1_278' title='bbox 994 3568 1088 3608; x_wconf 85' lang='lat' dir='ltr'><strong>causa</strong></span> <span class='ocrx_word' id='word_1_279' title='bbox 1100 3569 1162 3607; x_wconf 90' lang='lat' dir='ltr'><strong>non</strong></span> 
     </span>
     <span class='ocr_line' id='line_1_32' title="bbox 43 3647 1162 3735; baseline 0 -31"><span class='ocrx_word' id='word_1_280' title='bbox 43 3651 106 3709; x_wconf 82' lang='lat' dir='ltr'><strong>satis</strong></span> <span class='ocrx_word' id='word_1_281' title='bbox 128 3657 291 3735; x_wconf 85' lang='lat' dir='ltr'><strong>perspicue</strong></span> <span class='ocrx_word' id='word_1_282' title='bbox 314 3657 434 3715; x_wconf 90' lang='lat' dir='ltr'><strong>locutus</strong></span> <span class='ocrx_word' id='word_1_283' title='bbox 457 3664 504 3715; x_wconf 89' lang='lat' dir='ltr'><strong>est</strong></span> <span class='ocrx_word' id='word_1_284' title='bbox 525 3653 717 3733; x_wconf 89' lang='lat' dir='ltr'><strong>Opsopaeus.</strong></span> <span class='ocrx_word' id='word_1_285' title='bbox 761 3653 805 3711; x_wconf 89' lang='lat' dir='ltr'><strong>Ni</strong></span> <span class='ocrx_word' id='word_1_286' title='bbox 823 3654 959 3712; x_wconf 80' lang='lat' dir='ltr'><strong>fallimur</strong></span> <span class='ocrx_word' id='word_1_287' title='bbox 978 3648 1055 3707; x_wconf 89' lang='lat' dir='ltr'><strong>nihil</strong></span> <span class='ocrx_word' id='word_1_288' title='bbox 1077 3647 1162 3705; x_wconf 89' lang='lat' dir='ltr'><strong>aliud</strong></span> 
     </span>
     <span class='ocr_line' id='line_1_33' title="bbox 44 3749 1277 3838; baseline -0.006 -26"><span class='ocrx_word' id='word_1_289' title='bbox 44 3751 151 3814; x_wconf 83' lang='lat' dir='ltr'><strong>videtur</strong></span> <span class='ocrx_word' id='word_1_290' title='bbox 173 3757 278 3818; x_wconf 87' lang='lat' dir='ltr'><strong>dicere</strong></span> <span class='ocrx_word' id='word_1_291' title='bbox 299 3758 451 3831; x_wconf 87' lang='lat' dir='ltr'><strong>voluisse,</strong></span> <span class='ocrx_word' id='word_1_292' title='bbox 475 3775 566 3838; x_wconf 87' lang='lat' dir='ltr'><strong>quam</strong></span> <span class='ocrx_word' id='word_1_293' title='bbox 587 3774 642 3833; x_wconf 88' lang='lat' dir='ltr'><strong>pro</strong></span> <span class='ocrx_word' id='word_1_294' title='bbox 660 3753 777 3832; x_wconf 79' lang='grc' dir='ltr'><strong><em>βροτῶν</em></strong></span> <span class='ocrx_word' id='word_1_295' title='bbox 796 3753 951 3812; x_wconf 79' lang='lat' dir='ltr'><strong>Lactantii</strong></span> <span class='ocrx_word' id='word_1_296' title='bbox 974 3749 1163 3828; x_wconf 86' lang='lat' dir='ltr'><strong>exemplaria</strong></span> <span class='ocrx_word' id='word_1_297' title='bbox 1275 3762 1277 3766; x_wconf 82' lang='lat'>·</span> 
     </span>
     <span class='ocr_line' id='line_1_34' title="bbox 44 3848 1167 3940; baseline -0.004 -29"><span class='ocrx_word' id='word_1_298' title='bbox 44 3848 145 3916; x_wconf 78' lang='lat' dir='ltr'><strong>habere</strong></span> <span class='ocrx_word' id='word_1_299' title='bbox 170 3861 268 3936; x_wconf 77' lang='grc' dir='ltr'><strong><em>θεῶν,</em></strong></span> <span class='ocrx_word' id='word_1_300' title='bbox 297 3881 352 3940; x_wconf 88' lang='lat' dir='ltr'><strong>pro</strong></span> <span class='ocrx_word' id='word_1_301' title='bbox 382 3879 442 3940; x_wconf 91' lang='lat' dir='ltr'><strong>quo</strong></span> <span class='ocrx_word' id='word_1_302' title='bbox 471 3857 601 3936; x_wconf 87' lang='lat' dir='ltr'><strong>scriptus</strong></span> <span class='ocrx_word' id='word_1_303' title='bbox 628 3854 706 3914; x_wconf 89' lang='lat' dir='ltr'><strong>liber</strong></span> <span class='ocrx_word' id='word_1_304' title='bbox 735 3852 947 3932; x_wconf 89' lang='lat' dir='ltr'><strong>compendium</strong></span> <span class='ocrx_word' id='word_1_305' title='bbox 974 3854 1019 3909; x_wconf 79' lang='grc' dir='ltr'><strong>θν</strong></span> <span class='ocrx_word' id='word_1_306' title='bbox 1045 3849 1167 3921; x_wconf 69' lang='lat' dir='ltr'><strong>offerat,</strong></span> 
     </span>
     <span class='ocr_line' id='line_1_35' title="bbox 45 3948 1162 4039; baseline -0.005 -25"><span class='ocrx_word' id='word_1_307' title='bbox 45 3955 220 4029; x_wconf 84' lang='lat' dir='ltr'><strong>quodetiam</strong></span> <span class='ocrx_word' id='word_1_308' title='bbox 239 3948 314 4021; x_wconf 79' lang='grc' dir='ltr'><strong><em>θεὸν</em></strong></span> <span class='ocrx_word' id='word_1_309' title='bbox 331 3962 395 4039; x_wconf 85' lang='lat' dir='ltr'><strong>legi</strong></span> <span class='ocrx_word' id='word_1_310' title='bbox 415 3979 522 4039; x_wconf 84' lang='lat' dir='ltr'><strong>posse,</strong></span> <span class='ocrx_word' id='word_1_311' title='bbox 543 3958 663 4036; x_wconf 86' lang='lat' dir='ltr'><strong>hocque</strong></span> <span class='ocrx_word' id='word_1_312' title='bbox 681 3956 837 4015; x_wconf 87' lang='lat' dir='ltr'><strong>Lactantii</strong></span> <span class='ocrx_word' id='word_1_313' title='bbox 858 3954 953 4012; x_wconf 88' lang='lat' dir='ltr'><strong>menti</strong></span> <span class='ocrx_word' id='word_1_314' title='bbox 972 3951 1071 4027; x_wconf 84' lang='lat' dir='ltr'><strong>magis</strong></span> <span class='ocrx_word' id='word_1_315' title='bbox 1093 3969 1162 4008; x_wconf 89' lang='lat' dir='ltr'><strong>con-</strong></span> 
     </span>
     <span class='ocr_line' id='line_1_36' title="bbox 44 4052 1164 4131; baseline -0.002 -21"><span class='ocrx_word' id='word_1_316' title='bbox 44 4056 148 4118; x_wconf 86' lang='lat' dir='ltr'><strong>venire.</strong></span> <span class='ocrx_word' id='word_1_317' title='bbox 191 4062 293 4122; x_wconf 88' lang='lat' dir='ltr'><strong>Valde</strong></span> <span class='ocrx_word' id='word_1_318' title='bbox 321 4061 402 4121; x_wconf 91' lang='lat' dir='ltr'><strong>enim</strong></span> <span class='ocrx_word' id='word_1_319' title='bbox 430 4060 550 4131; x_wconf 90' lang='lat' dir='ltr'><strong>dubito,</strong></span> <span class='ocrx_word' id='word_1_320' title='bbox 579 4056 724 4116; x_wconf 84' lang='lat' dir='ltr'><strong>ineditis</strong></span> <span class='ocrx_word' id='word_1_321' title='bbox 747 4055 902 4115; x_wconf 89' lang='lat' dir='ltr'><strong>Lactantii</strong></span> <span class='ocrx_word' id='word_1_322' title='bbox 923 4052 1009 4112; x_wconf 86' lang='lat' dir='ltr'><strong>libris</strong></span> <span class='ocrx_word' id='word_1_323' title='bbox 1029 4070 1164 4131; x_wconf 88' lang='lat' dir='ltr'><strong>unquam</strong></span> 
     </span>
     <span class='ocr_line' id='line_1_37' title="bbox 45 4152 1162 4242; baseline -0.009 -23"><span class='ocrx_word' id='word_1_324' title='bbox 45 4154 82 4210; x_wconf 75' lang='grc' dir='ltr'><strong>θν</strong></span> <span class='ocrx_word' id='word_1_325' title='bbox 100 4163 242 4239; x_wconf 78' lang='lat' dir='ltr'><strong>reperiri,</strong></span> <span class='ocrx_word' id='word_1_326' title='bbox 277 4162 360 4242; x_wconf 90' lang='lat' dir='ltr'><strong>quod</strong></span> <span class='ocrx_word' id='word_1_327' title='bbox 384 4163 490 4222; x_wconf 85' lang='lat' dir='ltr'><strong>¹tamen</strong></span> <span class='ocrx_word' id='word_1_328' title='bbox 518 4159 641 4239; x_wconf 86' lang='lat' dir='ltr'><strong>proprie</strong></span> <span class='ocrx_word' id='word_1_329' title='bbox 668 4155 825 4236; x_wconf 85' lang='lat' dir='ltr'><strong>Opsopaei</strong></span> <span class='ocrx_word' id='word_1_330' title='bbox 854 4154 950 4212; x_wconf 88' lang='lat' dir='ltr'><strong>verba</strong></span> <span class='ocrx_word' id='word_1_331' title='bbox 980 4152 1162 4230; x_wconf 83' lang='lat' dir='ltr'><strong>significant.</strong></span> 
     </span>
     <span class='ocr_line' id='line_1_38' title="bbox 45 4249 1162 4342; baseline -0.004 -26"><span class='ocrx_word' id='word_1_332' title='bbox 45 4249 200 4321; x_wconf 82' lang='lat' dir='ltr'><strong>Praeterea</strong></span> <span class='ocrx_word' id='word_1_333' title='bbox 220 4264 252 4320; x_wconf 88' lang='lat' dir='ltr'><strong>in</strong></span> <span class='ocrx_word' id='word_1_334' title='bbox 272 4256 303 4341; x_wconf 76' lang='grc' dir='ltr'><strong>χ’</strong></span> <span class='ocrx_word' id='word_1_335' title='bbox 325 4255 459 4342; x_wconf 62' lang='grc' dir='ltr'><strong><em>ἡβητῆρα</em></strong></span> <span class='ocrx_word' id='word_1_336' title='bbox 478 4262 533 4320; x_wconf 85' lang='lat' dir='ltr'><strong>vix</strong></span> <span class='ocrx_word' id='word_1_337' title='bbox 556 4257 647 4318; x_wconf 90' lang='lat' dir='ltr'><strong>credo</strong></span> <span class='ocrx_word' id='word_1_338' title='bbox 668 4277 737 4316; x_wconf 92' lang='lat' dir='ltr'><strong>eum</strong></span> <span class='ocrx_word' id='word_1_339' title='bbox 759 4257 910 4333; x_wconf 85' lang='lat' dir='ltr'><strong>cogitasse</strong></span> <span class='ocrx_word' id='word_1_340' title='bbox 928 4253 966 4313; x_wconf 88' lang='lat' dir='ltr'><strong>de</strong></span> <span class='ocrx_word' id='word_1_341' title='bbox 983 4254 1070 4313; x_wconf 85' lang='lat' dir='ltr'><strong>varia</strong></span> <span class='ocrx_word' id='word_1_342' title='bbox 1090 4253 1162 4312; x_wconf 83' lang='lat' dir='ltr'><strong>scri-</strong></span> 
     </span>
     <span class='ocr_line' id='line_1_39' title="bbox 46 4354 1162 4438; baseline -0.012 -13"><span class='ocrx_word' id='word_1_343' title='bbox 46 4362 140 4434; x_wconf 65' lang='lat' dir='ltr'><strong>ptura,</strong></span> <span class='ocrx_word' id='word_1_344' title='bbox 168 4364 223 4424; x_wconf 91' lang='lat' dir='ltr'><strong>sed</strong></span> <span class='ocrx_word' id='word_1_345' title='bbox 250 4366 347 4425; x_wconf 87' lang='lat' dir='ltr'><strong>verba</strong></span> <span class='ocrx_word' id='word_1_346' title='bbox 373 4366 466 4438; x_wconf 88' lang='lat' dir='ltr'><strong>haec,</strong></span> <span class='ocrx_word' id='word_1_347' title='bbox 492 4371 526 4422; x_wconf 90' lang='lat' dir='ltr'><strong>ut</strong></span> <span class='ocrx_word' id='word_1_348' title='bbox 553 4360 667 4419; x_wconf 89' lang='lat' dir='ltr'><strong>nullius</strong></span> <span class='ocrx_word' id='word_1_349' title='bbox 693 4359 726 4416; x_wconf 94' lang='lat' dir='ltr'><strong>in</strong></span> <span class='ocrx_word' id='word_1_350' title='bbox 747 4366 843 4417; x_wconf 85' lang='lat' dir='ltr'><strong>totam</strong></span> <span class='ocrx_word' id='word_1_351' title='bbox 870 4354 1081 4436; x_wconf 84' lang='lat' dir='ltr'><strong>quaestionem</strong></span> <span class='ocrx_word' id='word_1_352' title='bbox 1100 4373 1162 4413; x_wconf 93' lang='lat' dir='ltr'><strong>mo-</strong></span> 
     </span>
     <span class='ocr_line' id='line_1_40' title="bbox 46 4432 1164 4547; baseline -0.004 -31"><span class='ocrx_word' id='word_1_353' title='bbox 46 4463 142 4536; x_wconf 83' lang='lat' dir='ltr'><strong>nenti,</strong></span> <span class='ocrx_word' id='word_1_354' title='bbox 177 4486 217 4527; x_wconf 81' lang='lat' dir='ltr'><strong>ex</strong></span> <span class='ocrx_word' id='word_1_355' title='bbox 243 4467 411 4547; x_wconf 83' lang='lat' dir='ltr'><strong>Theophili</strong></span> <span class='ocrx_word' id='word_1_356' title='bbox 439 4466 591 4544; x_wconf 85' lang='lat' dir='ltr'><strong>scriptura</strong></span> <span class='ocrx_word' id='word_1_357' title='bbox 618 4460 769 4541; x_wconf 87' lang='lat' dir='ltr'><strong>posuisse.</strong></span> <span class='ocrx_word' id='word_1_358' title='bbox 819 4432 901 4517; x_wconf 67' lang='lat' dir='ltr'><strong>Nlm</strong></span> <span class='ocrx_word' id='word_1_359' title='bbox 930 4456 1031 4516; x_wconf 88' lang='lat' dir='ltr'><strong>omnia</strong></span> <span class='ocrx_word' id='word_1_360' title='bbox 1060 4462 1164 4514; x_wconf 85' lang='lat' dir='ltr'><strong>nostra</strong></span> 
     </span>
    </p>

    <p class='ocr_par' dir='ltr' id='par_1_5' title="bbox 91 4557 954 4640">
     <span class='ocr_line' id='line_1_41' title="bbox 91 4557 954 4640; baseline 0.002 -18"><span class='ocrx_word' id='word_1_361' title='bbox 91 4580 227 4640; x_wconf 82' lang='lat' dir='ltr'><strong>arauvn,</strong></span> <span class='ocrx_word' id='word_1_362' title='bbox 249 4585 365 4627; x_wconf 69' lang='lat' dir='ltr'><strong>opusc.</strong></span> <span class='ocrx_word' id='word_1_363' title='bbox 385 4584 453 4626; x_wconf 78' lang='lat' dir='ltr'><strong>sen.</strong></span> <span class='ocrx_word' id='word_1_364' title='bbox 475 4585 496 4624; x_wconf 94' lang='lat'><strong>1.</strong></span> <span class='ocrx_word' id='word_1_365' title='bbox 935 4557 954 4616; x_wconf 83' lang='lat'>5</span> 
     </span>
    </p>
   </div>
   <div class='ocr_carea' id='block_1_3' title="bbox 0 0 1446 5184">
    <p class='ocr_par' dir='ltr' id='par_1_6' title="bbox 0 0 1446 5184">
     <span class='ocr_line' id='line_1_42' title="bbox 0 0 1446 5184; baseline 0 0"><span class='ocrx_word' id='word_1_366' title='bbox 0 0 1446 5184; x_wconf 95' lang='lat' dir='ltr'><strong> </strong></span> 
     </span>
    </p>
   </div>
  </div>
 </body>
</html>
