2884 5184
285 447 326 508 66
624 456 821 504 OBAOULA
843 459 1096 519 SIBYLLINA,

285 633 476 713 exemplaria
496 650 586 704 susa,
608 640 642 690 nt
664 650 757 710 supra
773 631 921 705 vidimus,
942 627 993 691 uri
1014 623 1146 711 ἡγήτορα
1160 632 1287 705 habent,
1304 651 1382 712 neque

285 736 388 808 aliter,
407 742 441 792 ut
461 752 532 792 mox
551 732 683 810 patebit,
706 730 774 790 eod.
794 733 933 809 Regiom.
957 734 1007 792 eui
1028 733 1179 792 haetenus
1202 753 1313 813 semper
1331 754 1382 792 orn

285 834 352 895 eod.
367 835 499 895 Puteani
513 834 670 906 convenit,
692 841 727 891 ut
749 853 789 891 ne
806 833 889 892 buno
912 833 1036 913 quidem
1058 823 1089 911 χ’
1111 824 1245 912 ήκητῆρο
1263 835 1384 913 praebere

179 931 184 942 '
286 934 418 995 credam.
460 936 576 995 Verum
597 935 777 994 Lactantius
806 934 930 1014 quidem
954 954 1057 1015 neque
1083 924 1157 993 θεὸν
1186 955 1284 1015 neque
1304 925 1386 1013 βροτὸν

241 1056 268 1097 rs
284 1037 360 1114 legit
379 1037 412 1094 in
429 1035 599 1115 Sibyllinis.
637 1034 720 1094 Illud
735 1037 761 1094 si
774 1038 954 1114 reperisset,
973 1035 1102 1094 dixisset
1117 1036 1213 1095 filium
1226 1037 1293 1109 Dei,
1309 1037 1385 1095 Deun

286 1146 317 1196 et
339 1139 454 1217 ipsum,
482 1138 699 1218 imperatorem
720 1145 778 1196 ete.
799 1138 852 1196 vel
870 1136 933 1195 tale
956 1134 1039 1216 quid.
1083 1135 1250 1217 Nunquam
1274 1139 1345 1196 enim
1359 1138 1385 1194 si·

282 1237 378 1297 lentio
405 1240 636 1298 transmissurus
666 1239 775 1298 fuisset
801 1248 863 1297 tam
888 1245 1028 1316 apertum
1050 1235 1191 1316 Sibyllae
1212 1237 1386 1296 testimoniun

282 1359 339 1418 pro
362 1339 523 1399 divinitate
544 1339 714 1400 Salvatoris
735 1340 841 1399 nostri.
868 1324 977 1416 βροτὸν
999 1358 1074 1397 vero
1097 1338 1183 1397 nullo
1206 1338 1292 1396 modo
1311 1339 1386 1396 locun

283 1442 399 1501 habere
428 1450 539 1520 potest.
582 1441 664 1500 Nam
691 1442 759 1521 quis
786 1458 915 1521 usquam
940 1437 1022 1498 dieat
1049 1438 1251 1500 redemtorem
1271 1448 1386 1505 nostrum,

283 1553 347 1603 tum
375 1542 511 1616 demum,
538 1551 700 1623 postquam
722 1542 811 1602 homo
832 1541 932 1599 faetus
953 1546 1016 1612 est,
1046 1541 1263 1619 imperatorem
1285 1539 1386 1599 omniun

282 1665 384 1704 rerum
404 1665 473 1704 esse
495 1644 701 1703 constitutum.
739 1641 802 1701 Sed
825 1641 984 1700 videamus
1006 1660 1087 1699 nune
1100 1642 1247 1720 seriptum
1263 1642 1386 1700 Laotsuti

285 1745 453 1824 exemplar.
495 1740 1387 1822 llantotpoebonktietrrnoetietaykyllneynaallaeirrkadeto

285 1842 815 1924 kayntntopaenllantornelloueen
837 1841 919 1922 quod
939 1850 985 1900 est

204 1949 206 1951 ’
413 1962 619 2023 κοντοτροφον
640 1959 760 2020 κτιστην
782 1962 857 2013 οςτις
876 1942 972 2019 plexo
993 1961 1109 2020 κνεομα
1130 1961 1243 2005 ausser

415 2047 524 2102 καθετο
545 2064 596 2102 και
616 2064 745 2122 ήγητορο
765 2048 809 2102 θν
829 2060 950 2101 παντων
969 2058 1100 2120 εκοησεν.

285 2146 365 2205 Nam
387 2165 428 2205 eu
453 2164 521 2204 esse
543 2148 587 2203 θν
605 2144 738 2205 dubitari
758 2143 879 2223 nequit,
910 2151 975 2201 tum
1000 2153 1124 2224 propter
1146 2145 1314 2205 sollennem
1338 2163 1387 2201 oon·

286 2247 437 2306 fusionem
464 2247 621 2306 literarum
644 2265 660 2306 ο
682 2255 713 2306 et
732 2247 757 2302 θ
782 2239 1023 2325 consensumque
1046 2244 1160 2305 oodieis
1178 2246 1320 2317 Puteum,
1345 2252 1388 2301 tun

283 2354 409 2427 propter
435 2348 608 2407 versionem
635 2348 778 2418 latinam,
808 2355 835 2403 et
862 2349 959 2404 ducem
986 2349 1067 2404 deum
1089 2352 1210 2406 omnium
1229 2351 1309 2422 secit-
1330 2344 1389 2403 unde

285 2448 375 2506 simul
401 2456 502 2525 patet,
529 2447 642 2507 lectum
671 2449 731 2506 hoo
760 2445 912 2526 quondam
937 2445 1033 2505 fuisse
1056 2439 1130 2506 θεὸν
1151 2468 1214 2507 non
1235 2432 1328 2529 breim
1354 2465 1389 2503 cur

283 2554 386 2605 tamen
406 2546 599 2606 Luctantium
621 2546 706 2607 aliud
728 2545 803 2627 quid
825 2546 863 2605 ob
887 2548 991 2607 oeulos
1019 2548 1165 2608 habuisse
1196 2548 1331 2619 credam,
1356 2566 1388 2603 sn·

282 2666 340 2725 pra
357 2648 423 2723 jam
445 2646 558 2705 dietum
581 2642 637 2707 est.
681 2647 834 2728 Equidem
855 2657 951 2708 totum
970 2649 1071 2708 loeum
1093 2649 1138 2708 sie
1160 2651 1328 2721 constituo,

411 2738 633 2827 κοντοτρόφον,
656 2746 790 2825 κτίστην,
816 2737 896 2819 ὅστις
916 2738 1012 2826 ytoud
1032 2740 1141 2826 πνεῦμ’
1165 2746 1197 2809 ἐν
1218 2741 1328 2808 ἅπασιν

411 2842 538 2909 κάτθετο
560 2844 611 2907 καὶ
627 2840 760 2928 ἡγήτορα
776 2849 837 2908 τοῖν
857 2840 979 2907 πάντων
998 2845 1141 2927 ἐποίησεν,

282 2952 335 3011 ubi
363 2972 454 3032 quam
477 2950 571 3010 facile
591 2951 651 3009 τῶν
670 2950 703 3008 in
724 2940 798 3009 θεὸν
819 2958 871 3009 ant
894 2948 976 3009 θεῶν
997 2952 1128 3011 transire
1146 2953 1298 3031 potuerit,
1323 2971 1388 3011 neno

283 3072 345 3111 non
364 3052 458 3112 videt.
503 3050 566 3110 Sed
589 3050 685 3109 semel
706 3052 789 3110 θεῶν
810 3060 840 3110 et
861 3040 935 3108 θεὸν
956 3051 1009 3110 ubi
1032 3053 1178 3132 seriptum
1200 3063 1261 3128 est,
1285 3071 1387 3114 necesse

282 3172 405 3233 quoque
431 3152 531 3211 videri
559 3151 673 3229 potuit,
702 3140 731 3227 χ’
758 3141 894 3229 ήγητήροι
917 3152 1063 3213 seribere.
1094 3151 1154 3233 [Of.
1180 3154 1388 3215 Lactantiusir

283 3252 415 3328 epitome
444 3250 485 3309 ad
510 3249 694 3309 Pentadium
722 3269 789 3329 eap.
811 3247 862 3309 42.
889 3249 920 3327 ξ.
942 3251 973 3312 6.
999 3252 1142 3333 „Sibylla
1172 3276 1297 3336 quoque
1325 3255 1388 3314 deun

283 3348 357 3409 dieit
373 3349 481 3410 ducem
499 3350 630 3409 omnium
650 3370 669 3408 a
681 3352 751 3411 Deo
773 3351 919 3425 faetum“,
943 3353 1025 3413 unde
1039 3363 1141 3435 patet,
1163 3356 1329 3434 legendnm
1341 3371 1388 3414 esst

284 3458 337 3509 eut
364 3440 393 3528 χ’
422 3442 556 3530 ήγήτῇρα
574 3442 649 3510 θεόν
674 3459 728 3511 aut
750 3447 801 3510 καὶ
821 3442 953 3533 ἡγήτορα
973 3444 1064 3530 θεόν,
1088 3457 1132 3514 ita
1154 3466 1189 3515 nt
1213 3449 1291 3516 θεόν
1311 3473 1388 3516 mono·

282 3552 435 3630 syllabum
463 3548 525 3631 sit]
559 3552 678 3611 Invitus
710 3551 834 3633 quidem
863 3574 986 3613 versum
1018 3556 1169 3616 elumbem
1199 3557 1389 3618 emendatione

280 3672 349 3711 mea
371 3654 514 3733 procudi3
543 3653 599 3714 sed
625 3662 696 3712 sunt
722 3654 872 3731 ejusmodi
899 3676 961 3715 non
988 3659 1079 3736 pauei
1107 3660 1139 3717 in
1161 3659 1222 3718 hae
1247 3660 1389 3719 carminum

280 3752 451 3830 farragine,
469 3763 504 3813 ut
523 3753 576 3813 lib.
600 3753 629 3814 3.
651 3776 681 3813 v.
703 3751 777 3812 529.

406 3854 505 3912 πᾶσαν
524 3846 614 3934 τ’ἱβριν
635 3847 801 3932 πάσχοντας
820 3848 935 3933 δεινήν·
962 3845 1038 3916 κοῦκ
1061 3850 1133 3918 ἔσττ’
1156 3845 1276 3934 αὐτοῖς,

278 3952 332 4011 lib.
355 3953 384 4011 5.
407 3974 437 4012 v.
458 3952 530 4014 259.
579 3958 584 3980 ³

405 4052 508 4129 μηκέτι
528 4054 618 4135 seipso
638 4048 757 4131 θυμὸν,
778 4044 819 4133 μή
842 4047 984 4133 στήθεσσι
1005 4055 1137 4139 μέγαιρε,

281 4160 327 4224 et,
350 4153 402 4232 qui
424 4156 513 4232 pejor
538 4157 630 4216 etiam
649 4165 709 4229 est,
732 4156 785 4215 lib.
810 4155 839 4215 5.
859 4176 890 4214 v.
915 4155 985 4216 109.

316 4273 319 4279 ’
406 4245 468 4310 εὖθ’
490 4247 584 4326 οὕτως
604 4253 684 4327 τέλος
706 4254 785 4317 ἔσται
803 4249 937 4333 ἄφθιτον
957 4247 1174 4335 ἀνθρώποισιν.

280 4348 343 4406 Sed
374 4353 525 4428 posterior
554 4357 605 4414 hio
637 4377 701 4415 non
732 4358 799 4418 sine
826 4357 1016 4417 dubitatione
1051 4359 1160 4422 allatus
1193 4369 1248 4419 est.
1281 4361 1336 4420 of.
1364 4352 1389 4414 al

278 4449 421 4505 Laetant.
445 4451 480 4519 7,
503 4451 550 4509 18.
569 4428 664 4513 dee
687 4455 716 4514 8.
740 4479 770 4515 v.
791 4457 863 4517 385.
