2884 5184
277 418 336 482 108
612 433 808 481 onscuns
838 435 1088 486 srsrnmus.

505 606 579 691 οἴκῳ
596 603 747 687 σουρατέφ
769 602 975 685 εἰςήλυθον
997 600 1092 690 αὐτὰρ
1111 609 1214 672 ἔπειτα

508 709 628 787 βῆσαν
648 692 766 767 τᾶλλα
788 699 887 767 ἕκαστ’
912 699 1024 790 ὅσαπερ
1052 701 1123 783 θεὸς
1146 705 1256 788 ἤθελ’
1281 706 1356 792 {pt}

273 811 326 869 ubi
346 818 510 889 praeterea
534 802 693 886 εὶςήλυθον
719 831 774 889 pro
803 801 999 887 ἐςελήλυθον,
1026 821 1088 871 tum
1118 813 1219 890 βῆσαν
1245 798 1364 871 tritta·

274 904 371 990 βῆσαν
387 902 415 969 τ’
438 904 513 970 ἄλλα
531 921 563 971 et
581 900 668 989 ἤθελ’
692 904 794 990 ἐρύξαι
814 932 869 990 pro
892 901 983 988 ἤθελε
1002 909 1083 991 ῥέξαι
1101 914 1293 992 scripsimus.

274 1033 305 1072 v.
329 1009 401 1072 222.
421 1033 489 1094 sqq.
511 1002 679 1091 οὐρανόθεν
697 1004 833 1090 μεγάλων
855 1001 1145 1090 ἆναοιγομένων
1167 1018 1358 1093 καταραιιτών

511 1111 562 1172 aul
581 1110 727 1190 μοχὲων
746 1113 832 1192 γαίης
852 1110 904 1172 καλ
919 1101 1053 1192 ἆβῦσσον
1076 1103 1245 1191 ιἰκαμοὶτοιο

511 1205 608 1274 ὕδατα
627 1207 786 1293 μνριόεντα
801 1208 900 1291 φάνη,

275 1321 328 1380 ubi
343 1307 564 1396 οἷναοιγομένων
586 1316 657 1375 dedi
674 1336 730 1395 pro
753 1305 961 1393 ἆνεοιγμὲνων,
977 1315 1060 1397 quod
1075 1316 1176 1375 editus
1192 1316 1291 1375 habet
1312 1318 1361 1375 cod

276 1430 307 1482 et
328 1411 544 1497 ἀνοιγομένων,
565 1417 647 1497 quod
672 1418 704 1476 in
731 1416 837 1477 codice
864 1418 952 1495 regio
982 1425 1096 1477 exstat.
1141 1418 1223 1476 Tum
1252 1438 1330 1476 vero

276 1518 368 1600 χέων
395 1521 503 1598 scripsi
529 1539 584 1598 pro
610 1508 726 1601 ιἰμέτμω
752 1520 871 1596 μυχῶν,
898 1527 933 1578 ut
957 1521 1024 1595 jem
1050 1519 1172 1578 tertiam
1203 1520 1354 1577 auctorita

275 1623 360 1682 vocis
378 1611 457 1697 μοχὴ
482 1621 665 1692 habeamus,
691 1639 783 1700 quam
804 1620 860 1678 vix
885 1619 959 1678 mihi
987 1620 1065 1699 eripi
1094 1619 1197 1699 patiar
1225 1617 1281 1695 (cf.
1310 1617 1363 1676 Sui

276 1724 385 1782 Lexic.
402 1720 583 1781 Schneider.
605 1742 630 1779 s.
652 1718 707 1798 u).

276 1843 306 1881 v.
331 1819 402 1882 287.
426 1843 493 1902 sqq.
518 1823 562 1880 sio
582 1820 790 1881 restituendos
813 1840 883 1881 esse
906 1820 1014 1881 credo:

510 1905 534 1980 oi
554 1923 654 1999 γενεῆς
674 1918 760 1999 ἕκτης
781 1923 899 2000 πρῶτον
919 1918 1019 2000 γένος,
1041 1904 1159 1997 οἷμλγα
1179 1909 1291 1997 χάρμα,

512 2008 547 2099 ἧς
562 2019 667 2101 ἔλαχον
685 2012 885 2099 μετέντειθ’,
902 2011 1006 2084 ὁπότ’
1025 2019 1158 2098 ἒνφνγον
1171 2012 1268 2081 αἰπὺν
1281 2012 1373 2081 ὅλεθ·

511 2114 892 2198 πολλᾶκλυδωνισθεῖσα,
907 2115 1014 2184 πόσει
1032 2112 1100 2180 σὺν
1122 2119 1186 2179 καὶ
1207 2119 1362 2200 δαέρεσσ

512 2216 561 2302 ἠδ’
592 2222 688 2305 ἕκορῷ
719 2212 757 2282 θ’
786 2220 877 2306 ἕκαρῇ
904 2212 940 2281 θ’
971 2214 1207 2299 ὃμονύμφοις
1240 2214 1333 2282 αἰνὰ
1367 2255 1375 2269 ν

690 2327 800 2383 θοῦσα.

277 2449 307 2486 v.
331 2423 403 2487 324.
427 2449 494 2508 sqq.
517 2427 554 2485 In
573 2427 746 2504 aenigmate
767 2425 934 2498 numerali,
957 2446 1017 2506 quo
1039 2444 1150 2484 nomen
1173 2415 1290 2500 Ἰησοῦς
1315 2446 1370 2504 exp

277 2530 382 2599 ruitur,
405 2528 521 2608 aliquid
543 2526 756 2604 corrigendum
779 2547 813 2586 se
834 2526 938 2585 offert:

513 2617 561 2705 Δὴ
582 2618 647 2686 τότε
669 2624 719 2686 καλ
741 2618 879 2706 μεγάλοιο
893 2628 968 2686 θεοῦ
988 2615 1060 2697 πάϊς
1079 2614 1292 2703 ἀνθρώποισιν

510 2717 572 2804 ἥξει
593 2720 796 2806 σαρκοφόρος,
815 2729 938 2803 θνητοῖς
955 2717 1148 2803 ὁμοιούμενος
1168 2721 1202 2783 ἕν
1222 2727 1272 2808 γῇ.

511 2824 635 2907 τέσσαρα
654 2818 811 2906 φωνήεντα
831 2824 927 2906 φέρει·
954 2818 996 2886 τὰ
1018 2817 1074 2885 δύ’
1097 2818 1231 2902 ἄφωνα
1252 2815 1297 2885 ὃν
1317 2815 1401 2904 αὐτῷ

511 2928 647 2988 δισσῶν
668 2918 855 3007 ἀγγέλων·
881 2916 1015 3007 αριθμὸν
1035 2920 1062 2985 δ’
1086 2918 1159 2987 ὅλον
1178 2921 1353 3005 ἒξονομήνω.

278 3028 367 3106 Quae
401 3031 522 3091 codices
545 3031 682 3103 varient,
718 3050 798 3109 quae
832 3030 887 3088 alii
915 3030 1018 3088 conati
1050 3028 1179 3100 fuerint,
1212 3029 1337 3108 longum
1362 3041 1400 3087 est

226 3153 229 3157 ·
278 3150 438 3206 enarrare3
474 3152 531 3208 ego
560 3131 671 3191 Aurati
703 3130 826 3212 quidem
862 3131 1027 3190 lectionem
1057 3130 1208 3188 hactenus
1237 3131 1345 3209 probo,
1373 3139 1399 3186 ut

278 3249 358 3308 quae
380 3231 486 3288 horum
507 3231 667 3289 verborum
691 3251 762 3291 csse
785 3231 896 3292 debeat
923 3231 1092 3303 sententia,
1121 3232 1321 3309 perspexisse
1339 3230 1399 3288 mihi

276 3327 433 3405 videatur;
453 3349 559 3388 verum
583 3331 731 3390 eorrectio
754 3334 821 3410 ejus
843 3353 905 3391 non
927 3331 1050 3391 Graeca
1072 3339 1135 3406 est;
1155 3330 1243 3408 lego:

510 3424 634 3511 τέσσαρα
654 3424 810 3509 φωνήεντα
824 3429 931 3512 ’φέρετ’
959 3421 1015 3491 δύ’
1039 3425 1170 3507 α”φωνα
1199 3420 1228 3490 δ’
1255 3429 1293 3491 ἒν
1316 3420 1400 3506 αὐτῷ

512 3523 643 3590 δισσὸν
664 3530 707 3590 ἓν
728 3521 961 3611 ἆγγέλλοντ’,

276 3633 296 3691 i.
321 3652 347 3692 e.
370 3652 480 3691 nomen
494 3632 588 3693 Jesus
610 3632 704 3692 habet
726 3643 856 3713 quatuor
876 3634 1002 3693 vocales
1022 3656 1043 3708 ι,
1063 3656 1092 3710 η,
1112 3654 1138 3709 ο,
1160 3655 1181 3692 ν
1202 3642 1234 3692 et
1250 3633 1324 3692 duas
1338 3650 1396 3689 con·

278 3741 422 3793 sonantes
435 3733 550 3807 literas,
561 3733 617 3792 sed
629 3735 716 3792 'haec
736 3743 783 3794 est
805 3733 922 3807 eadem,
935 3754 1015 3814 quae
1037 3734 1085 3792 bis
1106 3736 1247 3808 recurrit,
1259 3721 1292 3795 ri
1314 3730 1398 3809 σίγμα.

277 3834 367 3893 Duae
388 3833 461 3892 illae
484 3843 687 3894 consonantes
707 3834 755 3893 bis
783 3833 865 3894 idem
887 3833 1070 3911 significant.

277 3955 307 3991 v.
330 3932 402 3991 351.
429 3954 497 4014 sqq.
521 3930 571 3991 καὶ
591 3925 654 3994 τότε
676 3923 714 4011 δὴ
734 3923 873 4013 νοσεροῦς
895 3925 1024 4010 ἰήσεται,
1048 3922 1098 4010 ἠδ’
1122 3926 1338 4010 ἒαιμώμονς

517 4023 644 4103 πάντας,
665 4023 731 4094 ὅσοι
749 4024 843 4115 τούτῳ
864 4031 963 4092 πίστιν
984 4029 1028 4092 ἐνὶ
1048 4023 1230 4109 ποιήσονται.

518 4128 683 4209 βλέψοασιν
704 4131 744 4193 δέ
763 4152 799 4191 τε
823 4129 944 4208 τυφλοὶ,
964 4121 1040 4213 ιἰναρ
1059 4130 1199 4211 ratmot
1218 4153 1248 4191 τε
1269 4125 1356 4209 χωλοὶ,

517 4229 615 4307 κωφοί
632 4222 662 4289 τ’
682 4231 856 4307 εἰςαΐσοοσι,
881 4221 1042 4308 λαλήσοοσ’
1070 4222 1105 4290 οὖ
1129 4228 1288 4302 λαλέοντες.

277 4326 434 4405 ἔολμωμοι,
457 4350 476 4387 a
497 4334 627 4409 νοσεροῖς
649 4331 778 4404 diversi,
805 4334 828 4390 ii
849 4351 918 4391 esse
940 4332 1100 4403 videntur,
1123 4333 1177 4411 qui
1198 4341 1322 4391 externo
1341 4342 1394 4381 cor-

195 4421 199 4428 ’
278 4411 361 4504 poris
383 4426 514 4506 quodam
540 4430 615 4488 vitio
643 4430 794 4491 laborant.
837 4431 990 4510 Respexit
1016 4430 1138 4509 Sibylla
1167 4432 1235 4490 sine
1259 4429 1342 4490 dubio
1361 4419 1394 4478 td
