2884 5184
282 437 323 500 68
625 451 823 499 οαιαοοι
845 452 1079 500 SIBYLLINA

283 624 425 706 equidem
446 644 509 684 non
530 624 638 700 vide03
667 626 792 685 Riemer
813 644 887 684 vero
909 623 1026 685 vidisse
1047 626 1185 699 videtur,
1215 628 1289 686 omni
1305 628 1372 704 suspi·
1405 706 1406 711 ρ

282 728 378 786 cionis
398 735 471 785 uota
492 726 524 784 in
544 725 647 784 lexico
670 745 725 785 suo
744 725 870 784 abolita.
914 725 1019 785 Verba
1042 725 1206 806 Sophoclis
1227 736 1291 786 sunt
1308 728 1373 785 haec:

447 820 483 885 τό
502 813 530 885 ι’
555 823 653 885 ἔπειτα
675 821 727 884 καὶ
749 814 782 884 τό
800 823 908 902 μέλλον

448 924 499 987 καὶ
520 915 553 985 τό
575 921 647 1005 πρὶν
664 921 817 1003 ἐπαρκέσει

446 1023 537 1105 νόμος
558 1015 619 1101 ὅδ’,
641 1014 731 1086 odilis
753 1022 853 1106 ἕρπειν

447 1129 570 1189 θνατῶν
591 1119 682 1210 βιότῳ
702 1119 853 1205 adporto
873 1119 955 1200 ἐκτὸς
976 1121 1055 1201 ἄτας.

281 1235 394 1314 Neque
413 1240 531 1302 tamen,
556 1228 639 1310 quod
654 1250 736 1288 nunc
752 1229 866 1311 ubique
881 1239 1039 1309 receptum
1055 1240 1116 1304 eet,
1137 1224 1277 1307 πάμπολύ
1289 1221 1315 1311 ρ’
1329 1234 1377 1291 estis
1405 1236 1406 1267 ³

281 1337 406 1416 placere
431 1341 548 1413 potest,
574 1330 657 1412 quod
684 1331 836 1412 quomodo
865 1330 1039 1410 significare
1067 1334 1183 1412 possit,
1211 1337 1282 1408 qaod
1297 1339 1376 1391 αιόιὶαιι
1405 1336 1406 1339 ’

276 1443 368 1511 juver,
392 1445 426 1495 ut
439 1433 612 1493 Brunckius
629 1441 660 1493 et
674 1433 803 1492 Bothius
819 1441 992 1506 verterunt,
1015 1454 1077 1492 non
1092 1444 1232 1514 apparet.
1260 1436 1377 1515 Equidem

282 1539 355 1596 olim
384 1538 502 1597 tentavi
529 1531 682 1611 παντελὲς,
717 1535 794 1595 nihil
820 1537 851 1594 in
876 1536 941 1593 vita
969 1534 1102 1593 humana
1131 1537 1300 1614 perfectum
1320 1535 1377 1595 redd
1405 1540 1406 1559 ¹

281 1658 374 1718 posse
409 1638 643 1718 absolutumque
671 1637 810 1696 omnibus
841 1634 993 1714 partibus,
1036 1635 1110 1714 quin
1140 1634 1265 1696 deorum
1296 1630 1341 1714 ἔαρ
1359 1658 1377 1694 u
1405 1638 1406 1670 ³

282 1738 451 1796 immisceat
478 1736 684 1816 intrudatque.
727 1737 843 1797 Verum
869 1745 902 1796 ut
927 1737 1000 1796 satis
1019 1744 1142 1815 pateta
1164 1736 1321 1818 Sophoclis
1335 1740 1378 1796 loeo
1405 1740 1406 1767 ¹

282 1839 399 1897 nullum
419 1837 607 1918 praesidium
625 1845 733 1917 petere
753 1856 845 1916 posse
865 1837 946 1895 hanc
966 1856 1088 1910 vocem,
1111 1858 1171 1917 quo
1195 1859 1229 1899 ee
1252 1841 1284 1899 in
1299 1839 1378 1899 'lexicis
1404 1850 1406 1873 ³

282 1947 420 2011 tueatur,
443 1938 486 1996 ita
507 1938 600 2017 paulo
622 1938 738 1999 firmius
759 1937 907 1996 auxilium
928 1946 976 1997 est
993 1936 1092 1997 eidem
1114 1940 1145 1997 in
1163 1943 1335 2001 auctoritate
1351 1939 1378 1996 Si·

283 2040 389 2119 byllae
412 2038 441 2096 5.
465 2060 495 2097 v.
514 2038 587 2099 433.
612 2059 680 2120 sqq.
701 2040 745 2098 ita
767 2039 921 2099 canentis:
1405 2042 1406 2045 ’

449 2138 482 2199 αἳ
501 2137 536 2199 αἴ
550 2154 597 2200 σοι
616 2129 764 2218 Βαβολῶν
785 2130 988 2220 χρυσόθρονε,
1010 2138 1214 2219 χροσοιιέόιλε,

447 2231 609 2318 novionis*
627 2237 776 2319 βασίλεια,
794 2230 872 2317 μόνη
889 2231 1015 2319 κόσμοιο
1034 2244 1199 2321 κρατοῦσα,

448 2331 469 2419 ἢ
490 2332 522 2402 τὸ
543 2335 636 2402 πάλαι
654 2333 767 2420 μεγάλη
787 2338 838 2401 καὶ
856 2332 1006 2419 ιιόμιιολις
1026 2332 1126 2403 οὐκέτι
1146 2343 1230 2427 κείσῃ

446 2435 567 2522 οὔρεσιν
588 2439 620 2502 ἐν
636 2439 770 2522 χρυσέοις
791 2439 842 2501 καὶ
863 2434 994 2521 νάμασιν
1018 2434 1195 2525 Εὗφρήιαο,

449 2534 609 2623 σιροθεῐσ’
632 2538 665 2600 ἐκ
684 2547 814 2620 σεισμοῖο
836 2537 932 2630 χρόνῳ
952 2567 981 2604 κ.
1001 2566 1026 2603 ι.
1050 2548 1075 2605 λ.

284 2640 427 2702 Ceterum
451 2642 578 2720 vulgata
600 2640 741 2720 Sibyllae
766 2647 909 2728 exempla
927 2646 1083 2706 habebant
1106 2639 1276 2725 ιιοολιετὴς,
1302 2636 1384 2723 εὐφρή-

283 2762 359 2816 τοιο,
382 2741 548 2824 σκροιθείσχ
568 2746 709 2821 σεισμεῖο,
732 2746 815 2827 quod
836 2747 988 2827 interpres
1006 2770 1062 2828 pro
1082 2742 1242 2831 στροθήσχ
1257 2748 1383 2826 accepisse

283 2842 415 2902 videtur.

240 2961 266 3002 rs
368 2938 538 3021 κόμφημος.
560 2944 671 3004 Zonar.
693 2967 718 3006 s.
738 2969 768 3006 v.
789 2947 971 3031 πανομφαίῳ
995 2959 1026 3010 et
1043 2951 1115 3010 hinc
1137 2952 1334 3012 Phavorinus.
1391 2950 1396 2961 '

369 3043 538 3114 κανάϊσιος.
558 3045 669 3124 Sibyll.
687 3045 716 3106 3.
731 3071 761 3108 v.
778 3049 850 3108 404.
866 3049 922 3109 sed
936 3051 1003 3109 loco
1020 3063 1172 3133 corrupto.
1190 3053 1240 3113 Of.
1255 3055 1281 3112 1.
1298 3076 1325 3113 r.
1338 3050 1383 3109 183.

366 3137 556 3222 παναφανής.
578 3146 775 3209 Eratosthen.
799 3153 997 3211 catasterism.
1021 3174 1046 3212 c.
1071 3152 1120 3213 23.
1139 3175 1210 3234 pag.
1237 3155 1285 3214 18.

367 3244 583 3320 ιιαναινθομος.
602 3247 760 3309 Polemon.
778 3251 947 3332 Physiogn.
973 3255 1004 3328 1,
1025 3254 1055 3313 9.
1076 3279 1106 3338 p.
1130 3254 1202 3314 245.
1224 3244 1330 3317 Frena.

368 3337 610 3423 πανθαόμασιος.
633 3347 710 3407 Suid
731 3371 755 3410 e.
777 3373 807 3411 v.
827 3343 970 3435 Ἀβραάμ.

368 3437 572 3522 πανόλβισιος.
593 3447 704 3528 Sibyll.
727 3450 756 3511 3.
777 3475 807 3512 v.
830 3454 901 3515 347.

366 3540 536 3625 κανομφής.
554 3551 669 3611 Euseb.
690 3574 832 3634 praepar.
855 3576 965 3636 evang.
990 3557 1025 3631 5,
1046 3556 1075 3631 8.
1097 3580 1128 3639 p.
1153 3557 1223 3617 194.
1246 3560 1286 3619 Α.
1302 3559 1384 3635 Viget·

367 3642 581 3727 κανιελεήμον.
618 3653 736 3713 Auctor
761 3654 799 3716 de
821 3658 1003 3739 antiquitate
1026 3660 1109 3719 urbis
1131 3657 1384 3738 Constantinopoli-

281 3760 373 3811 tanae
394 3750 476 3831 apud
497 3752 660 3812 Alemann.
685 3754 725 3813 ad
746 3756 876 3839 Procop.
899 3779 969 3839 pag.
990 3760 1041 3821 33.

365 3850 604 3926 ιιανιοδίδακτος.
637 3854 675 3913 In
702 3860 827 3916 oraculo
852 3860 933 3941 quod
952 3861 1133 3921 Lactantius
1158 3861 1248 3921 affert
1272 3861 1304 3934 1,
1324 3861 1352 3931 7,
1367 3855 1385 3913 9.

281 3951 412 4011 Versum
429 3954 529 4033 ipsum
549 3954 634 4014 dedit
649 3957 715 4032 jam
736 3957 905 4019 Schneider
923 3982 948 4021 s.
967 3982 997 4020 v.
1016 3949 1222 4042 ὄλοίσιροφοςς
1251 3963 1306 4021 sed
1324 3978 1385 4040 pror·

282 4071 333 4109 sus
353 4074 391 4111 ex
415 4052 522 4113 codice
543 4057 683 4133 Regiam.
703 4068 843 4118 sanatum
865 4062 939 4122 alibi
955 4063 1155 4141 proferemus.

315 4174 319 4185 ·
365 4145 530 4231 παντοοιιὴς
543 4177 583 4217 ne
599 4158 639 4216 sit
653 4158 787 4220 dubium.
810 4160 975 4221 Adamant.
991 4163 1160 4243 Physiogn.
1178 4161 1212 4238 2,
1230 4162 1280 4224 27.
1296 4185 1325 4244 p.
1335 4156 1386 4221 428.

283 4270 287 4282 ⁸
367 4253 554 4329 παντολμίας.
576 4256 740 4319 Adamant.
762 4261 930 4340 Physiogn.
956 4266 989 4336 1,
1014 4264 1062 4323 10.
1085 4285 1156 4344 pag.
1175 4264 1247 4325 351.
1269 4278 1276 4291 ’

368 4346 555 4429 πανιολόγος.
577 4346 735 4420 Polemon.
757 4362 926 4442 Physiogn.
952 4364 985 4438 1,
1008 4363 1037 4423 9.
1058 4387 1130 4447 pag.
1149 4363 1221 4425 245.

367 4441 557 4529 παντόμωρος
575 4456 688 4530 legitur
706 4461 829 4538 quidem
849 4464 930 4542 apud
944 4465 1103 4527 Polemon.
1120 4467 1291 4545 Physiogn.
1305 4465 1337 4539 1,
1356 4461 1387 4520 ll
