2884 5184
240 419 299 480 134
580 419 848 471 sneundune
871 417 1040 465 earnes

238 600 337 673 addit,
356 601 571 674 οοτὸίγιιίίαίινι,
591 595 721 655 ridiculo
744 612 864 664 errore,
894 591 982 670 qnasi
1005 599 1059 649 aut
1079 596 1169 649 uirum
1198 601 1253 650 ant
1276 597 1370 650 ἱιιοιὸιιι
1387 615 1410 650 ν

238 699 372 760 scribere
394 715 502 777 posses
522 695 672 755 translato
693 700 824 752 accentu
845 680 939 765 φατοί.
962 722 1004 732 -
1023 689 1113 748 Haec
1133 687 1298 748 admonent
1311 712 1369 764 nos,
1390 693 1415 752 ιι

238 810 272 861 ut
293 799 332 859 de
352 805 482 858 accentu
503 797 536 854 in
558 815 636 855 voce
655 785 837 873 Ἀβοριγῖνες
854 790 937 871 apud
947 791 1081 868 Dionys.
1097 789 1201 848 Halic.
1225 797 1257 848 et
1274 788 1370 868 Steph
1386 803 1415 858 Γ]

238 902 317 978 Byr.
333 896 482 957 nonnulla
503 894 661 955 addamus.
705 895 819 955 Latina
840 892 921 953 enim
943 890 1132 951 consuetudo
1154 909 1258 969 neque
1273 890 1369 967 penul·

238 1002 343 1061 timam
364 997 543 1076 syllabam
535 1017 567 1055 m
585 997 644 1056 hac
659 1016 738 1055 voce
755 992 884 1074 produci
902 992 990 1064 sinit,
1013 1001 1044 1051 et
1060 992 1183 1051 tertiam
1202 1010 1223 1047 a
1237 988 1299 1047 line
1312 992 1415 1072 aeuige

239 1099 385 1181 postulat.
428 1097 534 1182 Atque
556 1094 656 1156 videri
677 1095 774 1175 possit
795 1102 956 1179 accentus,
982 1113 1042 1173 quo
1064 1111 1146 1151 nunc
1167 1091 1314 1167 insignita
1333 1099 1412 1194 est‘f«a

243 1201 366 1263 Graeca
386 1219 463 1273 vox,
484 1197 602 1277 positus
625 1216 693 1257 esse
714 1196 754 1255 ab
777 1195 944 1255 editoribus
970 1191 1136 1253 senioribus
1166 1190 1304 1263 demum,
1328 1191 1372 1269 qui
1386 1223 1415 1282 [ς

241 1303 343 1362 locum
373 1299 523 1379 Stephani
548 1296 629 1357 male
660 1296 881 1358 intellexerint.
931 1296 1034 1354 Locus
1063 1291 1216 1372 Stephani
1243 1292 1295 1350 hic
1317 1300 1410 1382 οΜ

237 1394 435 1482 Ἀβοριγῖνες,
465 1396 555 1469 ἔθνος
572 1385 771 1474 ’lacuaria‘
749 1419 789 1468 ως
806 1385 902 1475 Ἰόβας
924 1391 957 1454 ἐν
972 1386 1135 1471 Ρωμαϊκῆς
1154 1390 1286 1468 ἱστορίας
1304 1384 1402 1472 apd
1387 1435 1414 1470 e«

242 1523 287 1586 τῃ.
328 1497 444 1579 Μίχρις
469 1482 526 1559 cdv
554 1498 608 1556 τοῦ
632 1499 768 1577 Τρωϊκοῦ
801 1494 931 1574 πολέμου
956 1484 1013 1572 τὴν
1040 1484 1168 1573 ιἰργαίαν
1193 1485 1412 1573 Ἀβοριγίνων

243 1585 408 1679 ὀνομασίαν
429 1596 575 1713 iricolor.
618 1598 752 1660 Λατίνου
775 1596 807 1659 dl
833 1587 1060 1678 βασιλεύσαντος
1088 1614 1165 1653 ουτω
1187 1611 1372 1707 ιιροςηγοριρ
1396 1641 1415 1676 M

243 1708 353 1781 θησαν.
399 1693 444 1760 Τὰ
471 1688 547 1758 adad
572 1695 624 1757 καί
650 1690 764 1780 Χάραξ.
809 1688 902 1769 Εἰκὸς
933 1695 1051 1756 οἴεσθαί
1080 1715 1162 1765 τινας
1192 1685 1302 1753 codron
1328 1715 1415 1778 τρι

245 1793 381 1863 κλίσιν
362 1787 422 1860 aad
444 1800 496 1876 τῆς
519 1790 703 1877 Ἀβοριγῖνος
713 1788 833 1871 εὐθείας
855 1778 1056 1878 γίγνεσθαιῇ
1036 1818 1076 1867 ως
1095 1797 1270 1870 Λεοντῖνος,
1281 1783 1415 1876 ἈκραιῘἹ

244 1901 390 1982 γαντῖνος
451 1889 539 1958 Ἀλλὰ
574 1891 785 1971 Διονυσιος
770 1923 787 1961 o
820 1887 1068 2019 Ἀλικαρνρισσοῧς
1102 1885 1302 1975 Ἀβοριγινες,
1333 1848 1415 2008 καίιῖ

244 1993 405 2083 Ἀβοριγῖσί
425 2014 514 2116 φιρστ,
537 1989 577 2072 ὥς
598 1998 742 2075 δελφῖσιν.
786 1997 848 2060 ἔστι
869 1995 901 2059 di
923 1994 974 2057 καὶ
994 1990 1069 2074 ἄλλη
1090 1995 1184 2068 κλίσις
1215 1994 1250 2055 ἐν
1268 2012 1415 2089 χρηομιγιρἨ

246 2201 329 2281 τέων,
350 2195 443 2276 οὕτως
460 2190 652 2314 Ἀβοριγῖναι,
673 2190 840 2279 Ἀβοριγινί
841 2221 893 2259 ων.
929 2186 1068 2277 ίχειθΗ
1056 2220 1072 2260 ο
1096 2193 1226 2276 χρησμος
1247 2189 1334 2258 οὕτω·
1397 2251 1415 2290 Ἰ

350 2303 469 2381 στείχετε
494 2294 649 2379 μαιόμενοι
683 2304 816 2361 Σικελῶν
842 2299 1066 2383 Σατουρνίαν*)
1097 2291 1168 2357 αἶαν
1196 2307 1259 2359 etc

305 2406 344 2465 In
356 2405 403 2465 his
411 2403 561 2484 Stephani
572 2402 675 2463 verbis
690 2404 800 2484 scripsi
811 2394 867 2481 τὴν
878 2393 1006 2484 ἆρχαίαν
1014 2389 1208 2479 Ἀβοριγίνων
1221 2393 1372 2476 ὀνομασίαν

244 2527 299 2586 pro
313 2494 368 2581 τὴν
381 2494 508 2582 ἀρχαίαν
517 2493 651 2582 Ἀβοριγί
650 2525 707 2581 νην
724 2525 791 2565 cum
802 2503 959 2576 Berkelio‚
972 2501 1027 2562 sed
1042 2522 1104 2561 non
1118 2500 1218 2560 solum
1220 2503 1415 2596 ,quoniamI

244 2624 396 2685 nusquam
428 2603 594 2681 reperitur,
624 2604 716 2683 hujus
745 2606 846 2683 gentis
874 2604 1032 2681 regionem
1056 2591 1247 2688 ’ᾼβοριγίνην
1275 2602 1372 2661 dictam
1409 2649 1415 2698 ὲ

245 2706 354 2778 fuisse,
375 2704 431 2764 sed
453 2703 516 2763 alia
536 2711 700 2783 praeterea
724 2705 763 2765 de
783 2723 876 2764 eausa
902 2703 1087 2776 certissima,
1108 2711 1142 2762 ut
1162 2723 1237 2761 mox
1258 2702 1370 2783 patebit.
1406 2767 1415 2774 a

244 2808 414 2867 Praeterea
436 2825 504 2865 cum
524 2805 618 2864 Porto
645 2803 802 2885 γίγνεσθαι
821 2812 892 2885 post
913 2792 1032 2875 εὐθείας
1053 2803 1171 2879 οι1ι1ἰι1ἱ;
1197 2803 1257 2863 sed
1281 2810 1314 2861 nt
1334 2802 1369 2859 in·
1408 2795 1415 2856 Ϊ

245 2927 379 2969 sererem
400 2906 497 2967 verba
518 2907 570 2965 τοῦ
591 2894 735 2984 ὀνόματος
753 2914 824 2985 post
843 2895 958 2978 cedrea,
981 2902 1064 2984 quod
1091 2902 1172 2964 idem
1192 2904 1304 2963 Portus
1326 2923 1369 2960 vo·
1413 2979 1414 2984 ρ

244 3008 316 3081 luit,
337 3027 356 3066 a
372 3027 421 3067 me
441 3007 606 3088 impetrare
627 3029 689 3067 non
709 3007 805 3086 potui.
850 3004 992 3065 Tandem
1013 2995 1049 3063 iv
1070 2995 1086 3064 ὁ
1108 2993 1197 3076 αὐτὸς
1217 3001 1369 3082 noemae-
1413 2987 1414 2990 Ἴ

246 3125 294 3170 σιν
313 3128 381 3168 meo
403 3110 541 3187 periculo
572 3109 655 3169 edidi
683 3130 739 3189 pro
763 3099 802 3185 ἣν
827 3095 914 3177 αὐτὸς
939 3101 1152 3184 παρατίθησιν.
1195 3106 1311 3167 Levius
1332 3111 1370 3162 est

245 3209 328 3291 quod
345 3197 510 3285 Ἀβοριγῖσί
530 3225 603 3285 φησι
624 3209 734 3288 scripsi
753 3230 810 3288 pro
832 3207 958 3287 vulgato
970 3196 1161 3290 ,Ἀβοριγῖσιν
1188 3225 1278 3284 φησι,
1303 3202 1370 3286 quod

246 3311 298 3391 qui
319 3309 433 3387 primus
459 3308 594 3380 invexit,
615 3329 692 3368 voce
712 3305 905 3386 δελφῖσιν**)
925 3307 1071 3389 deceptus
1090 3307 1222 3381 videtur,
1245 3306 1370 3374 credens,

243 3407 488 3471 terminationem
515 3407 548 3467 in
575 3415 705 3489 utroque
732 3410 883 3469 vocabulo
913 3410 1005 3469 etiam
1033 3409 1065 3467 in
1093 3410 1300 3469 minutissimis
1323 3406 1370 3466 sihi

243 3507 432 3590 respondere
454 3507 577 3569 debere.
622 3507 686 3570 Sed
706 3511 754 3571 his
776 3512 877 3571 missis
898 3509 1061 3571 redeamus
1084 3509 1124 3568 ad
1150 3509 1199 3584 id,
1226 3509 1307 3570 unde
1327 3506 1367 3565 de·
1413 3573 1415 3598 ρ

244 3611 331 3672 flexit
353 3610 459 3670 oratio.
503 3612 647 3671 Diximus
668 3620 775 3685 antea,
797 3611 1038 3691 fieripotuisse,
1061 3618 1094 3669 ut
1115 3612 1219 3671 verbis
1235 3605 1369 3689 Stephani
1413 3647 1414 3684 ρ

243 3713 323 3773 male
346 3711 511 3772 intellectis
533 3710 665 3772 editores
694 3715 882 3774 recentiores
909 3732 1017 3772 vocem
1038 3700 1219 3790 Ἀβοριγῖνες
1245 3715 1304 3771 hoc
1329 3728 1368 3766 ac·
1413 3715 1414 3770 ι

244 3824 335 3875 centu
355 3816 521 3892 signarent.
566 3813 646 3871 Nam
669 3814 763 3875 facile
791 3813 933 3874 accidere
960 3813 1074 3892 potuit,
1097 3821 1130 3871 ut
1161 3813 1308 3873 creditum
1331 3809 1370 3877 sit,
1413 3839 1414 3884 ρ

245 3914 434 3994 Stephanum
455 3914 606 3975 vocabula
630 3913 765 3991 δελφῖσιν
787 3924 817 3975 et
838 3903 1040 3994 Ἀβροριγῖσιν
1061 3915 1140 3974 inter
1167 3935 1202 3975 se
1229 3915 1260 3972 in
1288 3909 1367 3972 omni·

313 4091 340 4158 ²¹³)
359 4092 414 4143 Gur
430 4091 591 4159 Sylburgius
610 4110 624 4144 e
642 4097 698 4144 vet.
718 4093 779 4146 eod.
795 4094 929 4145 Macrobii
947 4083 1110 4157 Σατόρνιον
1132 4092 1273 4156 maluerit,
1297 4090 1369 4140 edito-

245 4193 288 4228 res
307 4192 418 4227 causam
432 4194 488 4228 non
505 4179 633 4229 videntur
650 4179 828 4232 intellexisse.
847 4181 965 4230 Mettum
983 4179 1054 4229 enim
1074 4175 1256 4241 Σατουρνίαν
1268 4173 1368 4239 respuit.
1413 4163 1414 4168 ¹

246 4260 404 4325 Legendum
421 4261 529 4312 videtur
547 4260 712 4327 Σατορνίὸα
728 4264 824 4327 γαῖαν.

311 4341 355 4407 **)
375 4343 430 4393 Cur
447 4344 586 4409 Δελφῑοιν
601 4346 682 4396 litere
699 4346 801 4396 initiali
826 4344 980 4409 majuscula
997 4360 1126 4394 excusum
1150 4346 1195 4407 sit,
1220 4360 1274 4395 non
1291 4340 1367 4392 video.

241 4423 310 4475 Nam
328 4440 382 4476 non
398 4426 431 4478 de
449 4427 557 4478 nomine
574 4429 682 4495 proprio
703 4428 751 4479 sed
769 4428 803 4479 de
825 4428 995 4495 delphinibus
1015 4443 1103 4478 sermo
1122 4433 1172 4480 est.
