2884 5184
335 473 919 523 urunnucruunrunonvru.
983 518 988 525 ,
1151 466 1191 527 53

30 649 69 707 In
86 648 125 706 Β.
148 655 184 707 et
202 646 246 707 O.
272 646 358 725 deest
378 638 429 707 τὸν
443 658 561 708 -tum
583 647 725 707 scribitur
747 643 795 721 νέξ
811 656 841 727 et
860 643 968 725 ἔτυχεν.
984 680 1025 691 —-
1044 649 1191 711 Ultimum

32 741 148 823 ἐτύχθη
176 756 233 806 est
261 769 300 806 ex
322 748 535 808 emendatione
558 746 697 807 Turnebi
720 756 786 807 ete
810 748 966 808 codicibus
982 748 1139 829 Opsopsei
1161 758 1192 809 et

33 846 142 904 (leuci.
186 844 329 904 Accedit
345 847 410 923 jorn
428 855 532 906 noster
547 846 661 919 codex,
684 847 737 926 qui
753 847 796 905 ita
810 847 911 905 locum
925 846 1037 925 legit*)
1061 856 1189 925 aytonto

32 944 1167 1024 monomentacebecontntopaknocuoyoeuonoceicaioonushiezoinuno-

34 1051 173 1122 cetyon,
202 1042 294 1122 quod
313 1051 377 1102 est:

169 1160 274 1200 αντον
294 1160 327 1199 ro
348 1161 441 1217 μονον
458 1162 530 1201 οντα
549 1141 657 1219 scdsed
676 1161 807 1221 ηγητορα
828 1156 961 1218 κηοομον

170 1261 209 1310 ος
233 1260 326 1316 μονος
345 1261 386 1312 εις
408 1262 523 1301 αιωννο
543 1261 574 1299 κι
596 1240 625 1313 εξ
647 1246 774 1311 νινωνος
796 1244 905 1318 modu,

33 1339 95 1410 ubi,
113 1340 142 1397 si
158 1340 249 1399 vitia
265 1341 500 1419 orthographica
516 1339 738 1412 emendaveris,
757 1341 858 1399 omnia
873 1341 1039 1419 perspicua
1053 1350 1133 1416 sunt.
1149 1376 1191 1385 -

33 1438 71 1495 Iu
101 1438 303 1497 collectione
330 1437 549 1517 Sibyllinorum
580 1439 613 1497 hi
648 1439 707 1498 duo
737 1459 843 1498 versus
872 1459 934 1497 non
964 1448 1100 1512 exstent,
1135 1440 1191 1499 sed

36 1545 213 1595 occurrunt
236 1536 319 1615 apud
340 1538 547 1616 Theophilum
568 1559 598 1617 p.
618 1535 691 1609 112,
714 1538 755 1594 D.
778 1536 831 1595 ubi
848 1545 951 1595 tumen
971 1538 1062 1616 peju's
1086 1530 1192 1615 ἐτέχθη

35 1634 169 1711 legitur,
203 1643 303 1715 atque
330 1634 402 1694 hinc
430 1636 469 1695 ab
492 1635 658 1716 Opsopseo
687 1637 719 1694 in
747 1635 940 1715 praefatione
969 1635 1221 1714 Sibyllinorumo

39 1734 217 1792 carminum
248 1754 351 1792 omnes
373 1735 404 1793 hi
422 1756 530 1794 versus
554 1735 695 1795 collocati
718 1742 797 1793 sunt.
823 1733 939 1812 (Praef.
956 1756 986 1793 v.
1004 1735 1032 1794 7.
1052 1736 1103 1794 41.
1120 1756 1188 1817 sqq.

43 1829 79 1889 15
99 1853 149 1913 sq.
179 1833 261 1894 edit.
284 1833 398 1892 noviss.
418 1832 563 1911 Parisin.)
1182 1818 1187 1825 ’

574 1982 670 2042 Ibid.

127 2102 228 2171 „Item
254 2104 311 2158 alia
338 2101 457 2174 Sibylla,
488 2117 668 2176 quaecunque
687 2111 742 2172 est,
772 2121 855 2175 quum
880 2103 1014 2175 perferre
1036 2101 1187 2181 (proferre

44 2196 119 2257 cod.
140 2199 304 2278 Regiom.)
325 2202 412 2258 read
429 2202 551 2257 homines
572 2202 617 2258 dci
630 2218 723 2259 uocem
745 2203 862 2268 diceret,
884 2205 925 2258 ric
945 2206 997 2258 ait.-

173 2291 243 2375 „rig
260 2293 350 2378 μόνος
369 2295 428 2375 εἰμὶ
448 2287 534 2372 θεὸς,
558 2294 609 2355 καὶ
627 2286 685 2356 οὐκ
701 2295 763 2357 ἔστι
783 2287 855 2367 θεὸς
875 2289 995 2367 όλλος.“

46 2393 97 2455 Sic
116 2418 190 2456 cum
213 2399 417 2458 Bunemanno
440 2398 506 2457 sola
527 2398 573 2470 D,
596 2398 701 2456 nescio
723 2396 816 2455 unde.
860 2396 903 2454 At
922 2395 968 2469 A,
991 2397 1034 2468 B,
1059 2394 1101 2453 O:

175 2491 271 2574 μόνος
287 2489 346 2576 γάρ
367 2493 426 2573 εἰμὶ
443 2485 531 2571 θεὸς,
554 2492 606 2554 καὶ
628 2484 684 2553 οὖν
705 2493 765 2554 ἔστι
782 2482 852 2563 θεὸς
872 2484 967 2563 ἄλλος.

49 2594 129 2670 quod
157 2597 248 2656 houd
274 2597 381 2676 procul
411 2616 429 2653 a
455 2615 528 2655 vero
559 2595 656 2655 abest.
700 2595 782 2653 Nam
805 2592 905 2652 codex
926 2601 1030 2653 noster
1051 2601 1188 2652 nonocta

50 2693 463 2768 pdcimihcioikectnocanoc
486 2693 568 2775 quod
587 2703 635 2753 est

175 2814 270 2872 μονος
289 2815 347 2874 γαρ
365 2797 405 2865 og
424 2816 469 2870 ιμι
489 2814 541 2852 και
561 2814 619 2852 oon
639 2806 705 2852 εστν
727 2796 767 2862 θς
788 2794 888 2861 uilloc:

53 2886 92 2966 [in
114 2883 209 2969 μόνος
233 2903 263 2954 et
285 2890 363 2952 ἐστίν
383 2893 535 2952 consentit
556 2890 623 2950 cod.
645 2887 784 2969 Vrctisl.]
805 2890 875 2965 lege
897 2889 1002 2966 itaque

133 2996 248 3067 μοῦνος
267 2981 327 3069 γὰρ
348 2982 420 3062 θεός
441 2989 516 3067 εἰμι,
537 2986 588 3047 καὶ
610 2980 667 3046 οὖν
684 2984 764 3046 ἔστιν
785 2979 855 3055 θεὸς
875 2978 971 3053 ἄλλος.
1171 3046 1175 3054 ,

53 3087 160 3164 Vides,
186 3090 334 3171 optimum
356 3088 492 3148 codicem
513 3108 575 3146 non
593 3086 691 3145 solum
710 3080 762 3143 καὶ
780 3084 858 3160 illud
872 3085 904 3141 in
917 3082 997 3141 thesi
1009 3079 1189 3160 productum

54 3204 111 3246 non
134 3209 323 3268 agnoscere,
352 3187 521 3247 sedetiam
541 3207 559 3244 ν
584 3185 677 3244 finale
702 3184 735 3242 in
755 3179 834 3242 ἔστιν
856 3199 991 3240 servare.
1034 3177 1187 3257 Interpre-

54 3285 125 3344 tatio
148 3289 195 3347 sic
219 3285 328 3346 habet:
349 3302 422 3343 unus
446 3290 518 3342 enim
540 3288 609 3343 deuo
628 3301 689 3341 sum
710 3291 737 3340 et
757 3302 813 3340 non
829 3291 870 3339 cot
884 3283 952 3338 deos
966 3282 1047 3336 alius.
1083 3276 1188 3357 Atque

58 3378 209 3460 Sibyllina
223 3382 312 3442 VIII.
335 3403 365 3441 v.
389 3380 461 3441 377.
475 3382 594 3458 ,μοῦνος
614 3370 673 3459 γὰρ
695 3371 767 3451 θεός
789 3375 865 3453 ἔστι,
885 3373 936 3435 καὶ
953 3365 1010 3435 οὖν
1027 3372 1106 3434 ἔστιν
1120 3365 1190 3446 θεὸς

56 3468 152 3556 uilloc,
186 3481 240 3542 ubi
265 3480 448 3560 Opsopaeus
478 3500 518 3539 ex
549 3501 604 3540 suo
634 3500 758 3560 quoque
782 3477 938 3537 Lactantii
966 3474 1072 3535 codice
1098 3466 1189 3549 μόνος

58 3566 110 3657 γὰρ
127 3574 200 3654 θεός
230 3578 303 3657 εἰμι,
326 3579 424 3639 affert.

427 3730 498 3789 Lm.
522 3729 547 3786 Ι.
570 3747 640 3786 cnr.
665 3728 694 3786 7.
717 3725 748 3802 ἐ.
771 3723 820 3783 13.

138 3855 270 3926 „cumqe
296 3851 332 3905 ao
353 3851 480 3922 Apolline
505 3832 673 3921 αυιοφυὴς,
702 3865 722 3901 a
744 3845 849 3917 νόμον
864 3826 1036 3915 esuum
1056 3846 1081 3894 et
1102 3823 1189 3912 ἅμ.
1221 3910 1224 3917 ⁴

62 3962 140 4019 νητος
157 3958 184 4007 et
207 3937 348 4024 ἀποίητος
369 3949 557 4003 nominatur.“
728 3950 732 3956 ’

123 4161 149 4228 *)
169 4166 274 4215 Omitto
296 4164 355 4227 jum
379 4163 532 4213 versionem
549 4161 692 4221 Latinam,
717 4173 788 4222 quae
811 4154 906 4205 eodem
929 4153 1024 4216 modo,
1051 4157 1082 4202 ut
1099 4155 1190 4212 anteo,

63 4238 244 4299 intermedias
264 4263 346 4297 voces
364 4262 479 4313 graecum
496 4244 660 4308 interposite
677 4247 729 4292 est.
760 4243 811 4291 Est
828 4254 892 4290 voro
910 4238 991 4288 hoec:
1011 4242 1090 4301 ipsun
1104 4238 1190 4293 colun,

63 4326 100 4382 Ψᾶ
118 4340 169 4390 est,
195 4335 269 4382 colite
295 4339 437 4382 creatorem
456 4330 553 4388 mundi,
577 4329 620 4391 qui
642 4328 710 4377 colus
733 4328 851 4376 coecula
874 4325 965 4374 occulto
981 4327 1121 4386 perstrueret.
1158 4319 1192 4368 In
1295 4384 1297 4389 Ι

66 4412 191 4465 veteribus
209 4430 274 4473 vero
293 4405 459 4465 editionibus
477 4412 545 4462 haec
561 4410 704 4475 leguntur:
723 4413 814 4472 ipsun,
834 4410 876 4473 qui
886 4410 954 4457 solut
967 4413 1018 4465 est,
1035 4407 1108 4455 colite
1118 4403 1190 4465 prin·
1299 4405 1303 4412 '

64 4489 131 4550 “lem
146 4500 240 4565 mod,
258 4501 385 4565 quincius
403 4506 443 4549 eut
459 4500 485 4548 in
501 4497 627 4546 saeculam
644 4504 719 4560 atque
738 4510 756 4544 a
772 4493 873 4544 saeculo
886 4492 987 4563 Ῐιιοίοο.4
