2884 5184
263 429 304 491 78
460 408 461 411 ¹
603 440 803 488 ouscuns
825 440 1061 488 susumus

262 615 460 687 documento,
480 614 606 673 fluxisse
626 622 749 674 veteres
768 611 919 672 editiones
939 634 957 672 e
980 612 1151 687 codicibus,
1171 618 1218 695 qui
1232 618 1258 675 in
1271 616 1365 677 urae

262 717 306 775 cis
328 714 457 774 eandem
470 714 624 775 scribendi
638 716 789 775 rationem
802 715 1021 787 observarent,
1043 736 1134 795 quam
1149 717 1235 776 codex
1245 718 1367 777 Puteani

261 826 293 877 et
312 817 589 894 Regiomontanus3
621 815 703 897 quod
724 835 778 875 cur
800 815 976 888 credamus,
1003 817 1106 875 statim
1128 820 1243 896 patebit.
1277 820 1369 898 Apud

261 920 455 978 Lactantium
487 921 519 977 in
545 918 680 979 secundo
702 936 796 977 versu
817 925 948 976 metrum
968 918 1112 977 violatur.
1156 918 1215 979 Sed
1231 920 1370 997 Sibyllina

262 1023 387 1081 oracula
406 1023 450 1081 sie
468 1023 569 1081 locum
592 1020 741 1081 exhibent
762 1016 792 1077 8.
815 1039 846 1077 v.
869 1015 942 1077 299.
965 1039 1012 1099 sq.
1244 984 1268 1031 ⁸

388 1113 455 1182 ἀλλ’
477 1113 524 1181 ὅτε
544 1114 636 1180 ταῦτα
656 1140 689 1198 γε
710 1113 808 1179 πάντα
828 1120 986 1202 τελειωθῇ,
1008 1110 1085 1200 ὅπερ
1106 1112 1201 1196 εἶπαν,

389 1221 430 1294 εἰς
450 1211 542 1283 αὐτὸν
561 1213 625 1280 τότε
644 1223 703 1293 τεᾶς
726 1214 826 1281 λύεται
847 1212 938 1296 νόμος
957 1241 985 1278 τι.
1006 1242 1030 1280 τ.
1050 1223 1076 1281 λ.

261 1341 314 1400 ubi
332 1339 513 1420 Opsopaeus
536 1340 574 1400 de
594 1339 708 1400 codicis
724 1341 857 1401 Puteani
878 1340 1012 1399 lectione
1034 1339 1080 1397 nil
1101 1347 1249 1398 memorat.
1281 1338 1371 1417 Atqui

261 1441 413 1502 secundus
433 1463 541 1502 versus
561 1463 685 1524 prorsus
705 1445 749 1502 itu
768 1443 882 1520 legitur
904 1442 937 1499 in
961 1439 1067 1499 codice
1089 1440 1241 1517 Regiom.,
1267 1439 1315 1498 sed
1334 1439 1372 1497 de

260 1545 364 1623 priore
389 1565 471 1604 nova
501 1545 637 1604 exoritur
659 1544 835 1626 disputatio.
880 1541 932 1601 Sic
953 1543 1034 1601 enim
1055 1543 1200 1622 scriptum
1221 1549 1280 1600 est:
1305 1550 1373 1598 anot

262 1642 1369 1724 eautaytanllantateaeiuenallepeilloneicaytoutotellaouyetaiuouoc,

262 1745 344 1825 quod
363 1748 408 1804 sic
431 1746 502 1823 lego
917 1766 920 1770 ·

388 1847 443 1905 αλλ
464 1865 512 1904 ατε
529 1844 568 1924 dn
584 1867 675 1906 ταυτα
697 1866 815 1906 αιιαντα
834 1846 977 1921 crissoto
996 1862 1073 1922 αττερ
1093 1863 1177 1931 aanor

388 1966 429 2019 εις
451 1967 543 2007 ααταν
562 1967 626 2006 τοτε
646 1967 704 2018 τας
725 1949 824 2008 luetur
847 1966 945 2024 νομος.

261 2065 310 2124 De
332 2064 467 2124 seeundo
492 2067 598 2146 itaque
617 2085 710 2125 versu
732 2088 794 2126 non
818 2066 943 2126 dubium
966 2084 1034 2124 esse
1059 2073 1175 2145 potest,
1202 2066 1273 2145 quin
1293 2065 1371 2123 lectio

260 2164 480 2245 Sibyllinorum
508 2169 669 2228 Lactantio
695 2167 886 2228 restituenda
914 2167 963 2226 sit.
1006 2166 1043 2224 In
1072 2168 1168 2244 primo
1196 2188 1269 2226 vero
1295 2185 1372 2224 verm

259 2288 320 2327 vox
341 2272 431 2327 tertia
454 2278 519 2328 erat
539 2289 597 2342 au,
628 2289 718 2351 quam
739 2260 777 2346 δὴ
797 2270 971 2348 significare
993 2266 1154 2326 credimus.
1200 2267 1262 2328 Sed
1280 2266 1373 2326 eaden

261 2390 383 2450 quoque
412 2358 452 2428 dv
474 2371 537 2448 legi
558 2391 663 2450 posse,
691 2387 753 2430 nou
777 2368 917 2447 negabo,
951 2377 985 2427 ut
1005 2375 1127 2427 veteres
1148 2368 1296 2428 editiones
1321 2388 1373 2427 ean

216 2486 242 2525 rr
259 2471 373 2547 legisse
399 2473 593 2550 perspicuum
620 2482 676 2531 est.
720 2469 783 2530 Cur
811 2459 848 2547 δὴ
874 2468 1025 2549 praeferri
1045 2468 1172 2543 debeat,
1200 2471 1313 2529 nemini
1332 2469 1372 2527 du·

259 2571 342 2629 bium
362 2591 430 2629 esse
451 2580 560 2648 potest.
595 2570 659 2631 Sed
673 2570 808 2630 nondum
822 2571 866 2630 sic
880 2579 1062 2651 persanatus
1079 2571 1165 2630 locus
1181 2581 1241 2630 est.
1264 2571 1373 2631 Scribo:

388 2675 454 2745 ἄλλ’
473 2679 520 2746 ὅτε
538 2678 576 2765 δὴ
597 2677 664 2747 τάδ’
689 2679 806 2747 ἅπαντα
828 2689 984 2771 τελειωθῇ,
1006 2679 1080 2767 ὅπερ
1101 2680 1201 2763 εἶπον,

386 2786 427 2861 εἰς
446 2776 539 2848 αὐτὸν
559 2782 622 2849 τότε
641 2791 701 2861 τᾶς
721 2781 820 2849 λύεται
840 2781 937 2865 νόμος.

202 2881 204 2884 ’
259 2885 388 2965 Quoties
408 2892 500 2951 ταῦτα
515 2901 546 2951 et
558 2881 628 2950 τάδε
644 2890 773 2952 confusa
791 2890 922 2963 fuerint,
944 2911 1006 2949 non
1021 2890 1112 2969 hujus
1125 2891 1188 2949 loci
1203 2899 1249 2950 est
1265 2890 1372 2949 docere.

596 3080 666 3138 nm.
686 3079 741 3139 iv.
773 3095 843 3136 cm.
867 3072 914 3133 18.
938 3073 969 3149 a.
996 3074 1043 3132 τε.

341 3227 463 3297 „Sibylla
490 3246 596 3301 quoque
629 3231 725 3287 eodem
755 3229 855 3327 fugero
885 3231 1046 3284 monstravit
1074 3230 1290 3298 (demonstrauit
1317 3223 1370 3284 cod.

256 3322 305 3394 R,
328 3322 383 3381 sed
401 3326 658 3403 praepositionem
679 3325 796 3386 lineola
816 3335 992 3385 transversa
1010 3325 1126 3386 delevit
1147 3325 1320 3405 librariusl:

383 3422 423 3493 εἰς
440 3412 569 3502 ἀνόμους
590 3430 686 3505 χεῖρας
704 3424 754 3486 καὶ
774 3416 906 3486 ἀπίστων
926 3418 1048 3503 ὕστερον
1065 3417 1138 3502 ἥξει,

383 3516 511 3585 δώσουσι
531 3523 563 3584 δὲ
579 3528 643 3610 θεῷ
663 3524 830 3605 ῥαπίσματα
851 3523 949 3606 χερσὶν
968 3518 1126 3605 ἆνεὶγνοις,

382 3625 432 3692 nul
450 3618 591 3703 στόμασιν
612 3631 744 3707 μιαροῐσι
764 3619 799 3686 τὰ
820 3622 975 3704 audouera
997 3622 1215 3706 φαρμακόεντα,

381 3725 467 3788 δώσει
490 3718 519 3785 δ’
541 3726 581 3798 εἰς
600 3722 742 3807 μάστιγας
762 3719 862 3799 dulcis
882 3718 974 3806 ἁγνὸν
994 3722 1058 3787 τότε
1080 3730 1207 3805 cedron*

252 3849 304 3909 ubi
322 3868 414 3908 versu
434 3848 525 3906 tertio
545 3850 697 3925 μιαροῑσιν
718 3849 827 3908 omisso
847 3838 883 3905 tol
903 3846 947 3919 A,
963 3846 1004 3919 Β,
1022 3845 1063 3921 03
1083 3855 1147 3905 tum
1164 3848 1261 3905 νῶτον
1275 3846 1372 3906 omittit

253 3948 287 4009 C.
311 3948 449 4010 Tandem
476 3935 596 4023 ἆνόμαν
618 3948 784 4027 legendum
811 3948 994 4028 pronunciat
1014 3947 1055 4005 D.
1099 3946 1136 4005 In
1163 3947 1371 4026 Sibyllinorum

252 4049 434 4109 collectione
462 4069 570 4109 versus
598 4050 630 4108 hi
650 4051 793 4110 bifariam
814 4048 951 4109 distracti
972 4049 1126 4126 leguntur.
1170 4050 1241 4108 Duo
1263 4028 1385 4130 priores*

252 4144 280 4206 8.
303 4169 332 4207 v.
349 4145 420 4208 287.
436 4170 481 4230 sq.
503 4171 533 4229 p.
550 4147 621 4209 738.
643 4152 696 4211 ubi
716 4153 794 4212 nihil
814 4152 916 4210 variat
937 4150 997 4209 nisi
1020 4140 1141 4225 duduco
1163 4149 1232 4228 (sed
1253 4139 1372 4227 ἆνόμευς

252 4268 374 4328 quoque
393 4251 460 4329 cod.
477 4251 607 4328 August.
631 4254 713 4331 apud
728 4250 932 4329 Betulejum),
955 4242 1096 4322 dicturos,
1118 4257 1148 4307 et
1171 4247 1222 4308 καὶ
1245 4242 1370 4309 δώσουσι.

249 4346 320 4405 Duo
348 4352 533 4427 posteriores
554 4371 628 4409 vero
650 4372 720 4429 pag.
744 4352 831 4426 735,
862 4354 964 4411 statim
987 4359 1056 4429 post
1077 4370 1129 4408 eos
1152 4370 1274 4421 versus,
1302 4369 1368 4429 quos

250 4464 342 4521 supra
363 4447 399 4519 4,
422 4447 478 4519 15,
502 4446 553 4505 18.
576 4450 747 4523 attulimus,
771 4453 815 4510 sic
837 4470 912 4511 vero
937 4453 1099 4528 leguntur:
