2884 5184
363 474 558 524 ORAOULA
581 474 826 523 SIBYLLINA.
1112 464 1170 524 109

35 643 136 714 'ltattu
156 653 282 728 Evang.
314 650 367 723 15,
394 647 445 707 30.
476 646 527 707 31.
571 647 715 708 Ceterum
745 645 778 707 δέ
805 668 835 706 τε
861 647 970 723 τυφλοί
995 650 1105 727 scripsi
1130 671 1169 708 ex

42 747 99 814 cod.
118 755 192 831 Reg.
215 752 271 811 ubi
298 748 332 809 δέ
356 770 389 827 γε
414 748 536 824 τυφλοίς
566 750 660 827 vulgo
688 750 802 826 legitur
827 750 940 808 omissa
966 750 1068 810 media
1091 771 1169 811 voce

47 851 72 915 dl
87 853 191 930 τυφλοί.

529 1034 601 1091 Lm.
624 1032 666 1091 Π.

46 1204 67 1240 v.
87 1181 129 1240 13.
152 1204 197 1263 sq.
245 1178 300 1239 καὶ
322 1177 431 1260 καρποί
453 1179 621 1255 λείψουσιυ,
647 1176 974 1256 ἔλευθεροπραξία
994 1171 1024 1236 δ’
1048 1176 1126 1238 ἔσται

244 1281 393 1354 πλείστοις
413 1279 445 1340 ἕν
467 1274 637 1361 μερόπεσσι,
661 1277 711 1339 καὶ
732 1278 928 1359 ἱεροσυλία
950 1281 1041 1338 ναῶν.

45 1397 168 1457 Notanda
190 1409 265 1459 sunt
295 1399 447 1459 vocabula
469 1392 715 1476 ίλενθεροπραξία
743 1405 773 1454 et
800 1394 948 1474 ἱεροσυλία
975 1397 1080 1455 ultima
1104 1418 1168 1457 cor-

45 1508 116 1577 repta
133 1509 239 1559 contra
259 1500 416 1579 regulam,
440 1499 479 1557 cf.
503 1498 646 1578 Spitzner
669 1496 707 1555 dc
732 1516 813 1554 vers.
837 1495 966 1556 Graece.
985 1499 1050 1557 ber.
1070 1521 1100 1578 p.
1117 1497 1168 1558 30.

45 1619 68 1656 v.
85 1598 129 1658 71.
150 1621 218 1682 sqq.
244 1598 399 1681 σπέρματα
419 1592 461 1677 μὴ
483 1596 630 1659 κλέπτειν·
652 1589 846 1677 ἕπαριίσιμος,
864 1587 943 1667 ὅστις
964 1594 1073 1675 ἕληται,

248 1715 292 1786 είς
311 1708 412 1795 γενεὰς
430 1717 539 1795 γενεῶν
582 1716 600 1754 *
645 1702 829 1793 σκορπισμὸν
851 1706 969 1792 βιότοιο.

246 1806 319 1893 μήτ’
343 1807 576 1896 ἆραενονοιτεῖν,
598 1806 640 1893 μὴ
658 1818 856 1892 συκοφαντεῖν
877 1805 949 1892 μήτε
970 1809 1116 1892 φονεύειν.
1194 1823 1202 1836 “

246 1908 362 1995 μισθὸν
384 1910 570 1996 μοχθήσαντε
591 1916 689 1994 δίδου·
713 1910 755 1994 μὴ
775 1917 863 1995 θλῖβε
884 1914 1003 1994 πένητα.

34 2042 130 2106 Sichi
150 2057 285 2127 quatuor
306 2069 416 2109 versus
438 2049 580 2126 leguntur
601 2051 680 2107 inter
704 2070 774 2122 eos,
797 2069 875 2130 quos
901 2070 920 2107 a
946 2049 1050 2127 Xysto
1073 2051 1166 2110 Betu-

47 2145 95 2222 lejo
114 2150 286 2227 ignoratos,
307 2150 491 2230 Opsopaeus
510 2170 527 2208 e
548 2150 647 2227 Regio
668 2149 774 2208 codice
796 2151 911 2228 primus
935 2149 1044 2222 edidit,
1067 2152 1168 2211 sedin

50 2249 144 2309 calcem
163 2274 234 2332 pag.
259 2251 333 2311 404.
353 2253 502 2329 rejectos,
524 2250 597 2329 quia
619 2249 771 2308 secundus
797 2248 891 2319 liber,
916 2250 966 2307 cui
993 2250 1092 2308 codex
1113 2253 1167 2310 illc

49 2367 90 2408 eos
108 2353 242 2430 inseruit,
267 2373 335 2413 curn
360 2373 428 2412 eum
451 2352 583 2428 eRegia
605 2348 792 2408 bibliotheca
812 2350 1017 2426 impetrasset,
1034 2371 1166 2410 excusus

47 2450 98 2524 jam
115 2474 163 2513 eos
185 2477 249 2516 non
279 2455 409 2534 amplius
436 2450 627 2512 admittebat.
673 2448 822 2510 Gallaeus
850 2467 924 2507 vero
955 2468 1008 2508 eos
1037 2452 1069 2508 in
1098 2471 1168 2510 eum

49 2545 130 2614 locum
153 2559 302 2631 restituit,
335 2555 388 2614 ubi
418 2553 556 2613 codicem
586 2552 718 2630 Regium
746 2571 799 2611 eos
828 2570 954 2610 servare
982 2551 1166 2632 Opsopaeus

51 2651 229 2718 indicaverat.
277 2656 341 2718 Sed
359 2676 419 2736 quo
440 2654 503 2713 fato
526 2674 634 2713 versus
655 2655 687 2713 hi
710 2674 831 2726 ornnes,
854 2662 924 2711 sunt
944 2674 1018 2714 vero
1041 2675 1166 2714 numero

51 2746 142 2824 93‚in
170 2761 308 2819 carmina
337 2755 492 2835 Sibyllina
523 2755 717 2833 irrepserint,
752 2754 930 2835 quibuscum
962 2755 1046 2814 nullo
1076 2776 1166 2834 argu·

52 2858 126 2914 nenti
142 2860 265 2921 vinculo
283 2860 358 2919 nexi
380 2866 459 2931 sunt,
480 2855 563 2914 haud
583 2853 675 2913 facile
695 2853 822 2913 dixeris.
868 2854 946 2913 Sunt
965 2857 1166 2916 enimomnes

53 2961 200 3021 sententiae
220 2982 263 3021 ex
285 2981 390 3021 earum
411 2977 551 3029 numero,
574 2974 651 3036 quas
667 2946 787 3030 γνώμας
802 2953 916 3013 Graeci
931 2964 1051 3028 vocant,
1073 2965 1165 3037 atque

52 3054 175 3129 plurimas
197 3084 267 3123 cum
288 3064 325 3122 iis
350 3059 514 3120 convenire
534 3055 736 3127 adverbum,
759 3075 838 3133 quae
853 3054 1033 3132 Phocylidis
1055 3076 1167 3117 nomen

52 3172 110 3229 prae
132 3182 163 3222 se
191 3165 309 3237 ferunt,
334 3165 400 3240 jam
430 3161 483 3219 alii
511 3156 801 3216 animadverterunt.
852 3154 916 3216 Sed
945 3157 976 3214 in
1005 3155 1166 3236 Sibyllinis

51 3258 141 3320 nultos
157 3268 296 3346 reperies
316 3282 439 3336 versus,
467 3281 544 3341 quos
566 3256 758 3336 Phocylidea
785 3277 847 3315 non
875 3267 1058 3336 agnoscunt,
1084 3258 1166 3319 unde

52 3372 99 3417 non
116 3363 225 3441 injuria
245 3365 348 3443 colligi
370 3382 462 3443 posse
484 3360 620 3433 videtur,
649 3359 746 3418 fuisse
777 3358 932 3440 quondam
954 3360 1167 3421 collectionem

51 3472 156 3530 parvam
175 3467 411 3537 sententiarum,
434 3461 614 3540 Phocylidis
636 3462 830 3539 inscriptam,
852 3480 932 3540 quae
953 3471 1062 3540 postea
1079 3463 1165 3521 vario

53 3562 166 3640 tempore
188 3552 207 3627 a
229 3567 323 3625 variis
346 3563 522 3623 auctoribus
542 3563 733 3640 locupletata
754 3570 785 3619 et
806 3562 964 3619 immutata
984 3563 1037 3634 sit,
1060 3564 1104 3620 ita
1123 3572 1166 3634 ut,

53 3660 111 3734 qnid
136 3670 230 3745 primo
269 3667 386 3726 auctori
422 3663 657 3723 adscribendum
687 3662 741 3732 sit,
775 3680 836 3717 non
866 3658 959 3716 facile
997 3661 1166 3719 discernas.

53 3754 140 3840 L011ge
163 3770 309 3848 plurima,
338 3787 419 3848 quae
445 3767 477 3823 in
503 3763 665 3842 Sibyllinis
691 3759 797 3818 addita
822 3757 1031 3836 reperiuntur,
1061 3757 1168 3816 seriori

54 3853 152 3927 demum
170 3880 306 3948 tempore
327 3866 502 3927 collectioni
524 3867 640 3924 inserta
666 3882 736 3921 esse
758 3868 845 3939 patet
866 3858 919 3917 vel
941 3879 980 3918 ex
1010 3879 1060 3929 eo,
1086 3857 1169 3937 quod

56 3965 156 4040 saepius
181 3979 311 4029 metrum
337 3968 487 4028 violatum
518 3975 581 4038 est,
610 3972 645 4022 ut
670 3964 703 4021 in
728 3959 863 4020 secundo
890 3967 921 4017 et
946 3958 1036 4015 tertio
1064 3975 1168 4015 eorum

54 4075 188 4143 vefluum,
212 4090 289 4151 quos
312 4088 404 4148 supra
426 4067 659 4146 exscripsimus,
689 4082 817 4142 quorum
842 4045 957 4139 primus
984 4066 1015 4115 et
1041 4064 1168 4136 quartus

58 4155 266 4230 intellectione
288 4169 416 4247 vulgata
436 4158 599 4242 ποιήματος
619 4164 797 4222 νουθετινοῦ
819 4182 849 4218 v.
876 4157 924 4217 16.
955 4165 986 4215 et
1016 4156 1064 4215 17.
1101 4155 1165 4214 efii-

56 4258 128 4325 ciunt.
168 4272 278 4331 Utrum
298 4291 372 4329 vero
396 4269 577 4337 asteriscus,
601 4284 692 4342 quem
715 4261 898 4340 Opsopaeus
927 4266 999 4315 ante
1027 4270 1167 4335 σκορπισ-

56 4347 100 4429 pia
115 4374 225 4445 posuit,
249 4371 462 4431 auctoritatem
489 4365 603 4425 codicis
632 4383 707 4441 prae
740 4382 774 4419 se
804 4361 899 4431 ferat,
929 4376 968 4413 an
998 4356 1036 4414 ab
1067 4376 1102 4414 ec
1129 4354 1169 4413 ad

53 4455 179 4530 jacturam
200 4491 310 4531 versus
331 4467 528 4529 indicandam
547 4464 668 4524 additus
691 4462 799 4532 fuerit,
822 4459 986 4519 nescimus.
