2884 5184
231 415 271 477 52
564 416 763 467 enecone
786 414 1022 462 mercuri

229 600 267 658 In
288 599 347 657 hac
370 595 504 654 lectione
517 611 625 665 ¹omnes
641 590 833 668 conspirant,
856 588 884 647 si
902 587 1063 665 exceperis
1079 605 1204 645 errores
1221 583 1381 665 quosdam

229 697 363 755 leviores
397 695 429 752 in
462 692 591 751 vetustis
621 688 848 770 exemplaribus
876 686 1030 745 Lactantii
1061 684 1110 764 (A
1136 704 1383 764 cumspectior,
1419 715 1420 730 κ

230 797 316 871 ἠλιον
336 814 366 852 τε
386 809 508 870 uerebar
530 788 608 870 [sine
630 784 710 867 καὶ],
732 775 854 863 combo-
876 786 902 844 B
925 780 976 843 uui
1002 804 1125 866 quoque
1155 785 1299 855 omittit,
1323 792 1384 840 tum

231 891 326 951 habet
345 885 499 967 οἱδάματα.
545 883 797 965 Οπανυπέρατος
822 918 857 928 -
882 874 971 961 ἥδιόν
997 903 1027 942 τε
1053 873 1212 961 ἓᾶεσρας,
1249 873 1385 957 cedrium

235 1024 271 1035 —
295 982 483 1066 cliricum),
512 997 543 1047 et
568 987 788 1066 Sibyllinorum
810 983 976 1043 editionem
996 984 1028 1056 I,
1057 983 1110 1042 ubi
1138 975 1276 1040 πάντων
1300 972 1386 1058 ὑπὲρ·

231 1108 332 1158 rutum
360 1086 416 1146 sed
443 1086 476 1144 in
501 1085 638 1161 margine
667 1082 781 1141 codicis
809 1081 868 1140 fuit
895 1073 1132 1159 πανυπέρτατος,
1157 1089 1247 1140 teste
1278 1081 1384 1158 Xysto

231 1174 385 1263 Betulejo.
415 1184 453 1243 In
474 1181 630 1242 veteribus
653 1179 838 1241 editionibus
852 1181 1007 1239 Lactantii
1027 1180 1107 1239 haec
1129 1179 1263 1238 additur
1290 1181 1384 1237 inter-

233 1283 382 1366 pretatio:
406 1286 456 1353 „iu
475 1291 530 1353 esi,
551 1284 601 1337 sed
615 1284 681 1338 deur
703 1284 779 1338 solur
797 1297 868 1338 uuus
890 1284 1131 1348 eminentissimus,
1153 1284 1204 1352 qui
1221 1282 1306 1353 fecii
1328 1296 1384 1336 coe-

233 1387 289 1441 lum
304 1385 441 1454 solemque
460 1388 486 1436 et
504 1383 597 1436 stellas
616 1380 852 1453 fructiferumque
872 1388 978 1437 terrum
993 1386 1019 1435 et
1031 1394 1122 1452 aquae
1136 1383 1228 1435 marie
1245 1382 1384 1451 flucbo.“

233 1482 335 1541 Unam
359 1488 477 1537 tantum
504 1478 685 1536 varietatem
713 1496 754 1535 ex
786 1475 892 1536 codiee
923 1477 1078 1536 Lactantii
1111 1476 1297 1550 lucramur,
1337 1477 1384 1534 ubi

232 1581 320 1640 locus
354 1579 399 1637 sic
426 1584 591 1656 conceptus
620 1583 684 1635 est:
717 1577 812 1644 „bunc
841 1591 900 1632 esee
926 1578 1013 1633 solum
1037 1593 1171 1632 summum
1199 1578 1312 1646 Mum,
1344 1580 1386 1649 qui

232 1684 337 1737 coelum
352 1680 468 1751 fecerit,
494 1679 638 1733 luminibus
659 1678 826 1732 discinxerit.
850 1677 902 1731 sed
918 1676 986 1732 deus
999 1677 1091 1749 ultra,
1112 1674 1382 1733 anaocuonocciu

233 1782 325 1835 omnia
356 1778 497 1832 sublimior
520 1778 568 1847 qui
593 1771 1009 1851 Hanysseptatoeosnelioin
1038 1774 1107 1847 fecit
1133 1776 1244 1830 coelum
1280 1774 1381 1833 cenoi-

232 1893 339 1953 panon
366 1878 502 1947 solemque
529 1871 699 1931 ueaioutek
728 1881 755 1930 et
778 1875 872 1929 sidera
898 1875 949 1929 sed
976 1881 1191 1951 yactepacnae
1226 1882 1259 1931 et
1292 1878 1382 1932 lunum

232 1975 284 2048 fru
304 2001 347 2012 —
366 1971 576 2048 ceannnnkap
597 1974 772 2046 pisarumque
795 1970 1021 2050 Hooopoutain
1049 1981 1154 2030 terrum
1175 1972 1274 2031 tekai
1299 1991 1383 2047 aquus

234 2070 421 2149 ydatocoiau
442 2073 562 2145 fruentis
581 2069 825 2149 pouIItatonto.“
869 2071 939 2130 Hoc
960 2090 1034 2130 vero
1057 2080 1103 2131 esi

363 2172 438 2228 uiiu
457 2172 498 2240 θς
521 2189 611 2244 μονος
630 2187 913 2254 εις,παντπεερτατος
932 2187 965 2238 ος
985 2191 1005 2247 η
1028 2183 1163 2247 succussu

362 2289 493 2348 ουρανον
512 2271 611 2345 neiron
631 2287 661 2327 τε
682 2288 713 2326 aa
735 2282 858 2346 αστερας
878 2266 931 2345 ηδε
952 2270 1077 2346 orimur

362 2354 556 2448 eupreorpopou
573 2389 643 2445 γαιν
663 2386 693 2426 τε
714 2388 766 2426 και
787 2365 895 2439 educar
916 2366 985 2443 οιδμ
1002 2410 1009 2423 .
1026 2410 1059 2426 ..

234 2466 336 2525 Primo
363 2467 468 2545 itaque
496 2486 588 2526 versu
618 2467 722 2525 forsan
742 2465 856 2524 lectum
875 2474 922 2525 est
944 2467 976 2524 in
1000 2466 1106 2526 codice
1128 2455 1161 2539 ὅς
1181 2455 1210 2522 τ’
1237 2460 1383 2541 ἐποίησεν
1418 2492 1419 2507 2

204 2586 217 2625 s
234 2585 289 2641 pro
311 2552 344 2632 ὃς
363 2560 571 2639 officiumst).
609 2561 726 2621 Ultima
742 2559 864 2620 Graeca
884 2581 946 2620 vox
965 2563 1073 2621 mirum
1094 2569 1267 2620 monstrum
1294 2563 1381 2637 foret

235 2662 268 2718 ni
296 2660 404 2719 eadem
432 2662 500 2738 ipsa
524 2669 631 2740 aperto
653 2660 827 2718 testimonio
851 2669 948 2734 esset,
976 2661 1134 2720 librarium
1152 2668 1301 2720 nostrum
1325 2683 1383 2720 non

236 2756 373 2817 codicem
394 2765 466 2815 ante
485 2757 607 2817 oculum
628 2758 790 2831 habuisse,
813 2760 865 2839 qui
886 2759 984 2818 literis
1006 2779 1080 2819 vere
1098 2759 1226 2819 Graecis
1241 2763 1382 2839 scriptus

237 2865 333 2929 esset,
364 2855 419 2916 scd
449 2876 517 2916 eum
548 2857 739 2936 expressisse
768 2856 920 2930 codicem,
952 2857 1005 2937 qui
1022 2858 1088 2934 jam
1110 2858 1226 2935 etipse
1251 2856 1382 2917 Graeca

235 2963 390 3034 utcunque
406 2956 525 3014 Latinis
546 2957 643 3015 literis
666 2955 863 3014 delineasset.
900 2956 982 3014 Hinc
1004 2955 1193 3028 factumest,
1220 2965 1381 3017 utnoster

236 3051 314 3111 odeo
335 3073 429 3112 voces
443 3055 570 3113 Latinas
593 3074 648 3134 pro
670 3052 800 3112 Graecis
821 3052 959 3113 haberet.
993 3054 1074 3113 Nam
1095 3055 1171 3113 nihil
1187 3057 1309 3116 certius
1328 3050 1380 3127 est,

236 3168 327 3227 quam
356 3151 448 3209 scribi
475 3150 603 3224 debere,
627 3157 739 3225 fluentis
763 3157 844 3227 ponti
856 3192 866 3227 ,
896 3161 1013 3213 tatonto
1041 3153 1112 3232 (imo
1142 3163 1193 3212 ato
1220 3154 1379 3234 Ilontoy).

163 3281 167 3288 ·
237 3244 301 3302 Sed
320 3266 360 3304 ex
382 3247 467 3325 ponti
488 3247 563 3306 fecit
582 3248 686 3327 possi.

690 3414 786 3475 rere.
810 3413 842 3492 e.
869 3416 917 3476 16.

322 3528 396 3601 „Qui
420 3533 549 3604 quoniam
579 3534 654 3588 solus
681 3536 717 3588 sii
744 3537 905 3607 aedificator
929 3537 1042 3609 mundi,
1078 3543 1106 3592 et
1130 3535 1240 3608 artifex
1268 3555 1378 3606 rerum,

236 3631 280 3687 rel
297 3632 394 3702 quibus
414 3636 535 3700 constat,
561 3632 604 3687 oei
623 3648 694 3703 qaue
714 3636 744 3688 in
766 3648 797 3690 eo
815 3641 896 3701 suut,
916 3636 1005 3690 solum
1025 3637 1080 3691 coli
1100 3642 1230 3707 oportere
1248 3643 1378 3694 erratur.

361 3717 476 3803 „odedu
496 3716 549 3787 cdv
569 3719 663 3804 μόνον
684 3719 756 3787 decu
774 3719 893 3806 σέβεσθ’
917 3720 1049 3810 ἡγήτορα
1069 3723 1198 3808 κόσμου,

361 3815 395 3897 ὃς
415 3818 505 3902 μόνος
526 3824 566 3896 εἰς
588 3825 683 3884 αἰῶνα
702 3823 753 3885 καὶ
775 3823 804 3899 ἐξ
826 3826 934 3897 αἰῶνος
953 3819 1098 3904 ἕτύχθη.“

236 3922 273 3980 In
291 3921 330 3980 A.
359 3914 448 3995 αὐτὸς
465 3957 508 3968 -
529 3916 652 4002 σέβεσθε
673 3958 715 3970 —
733 3923 784 3984 καὶ
806 3924 894 3985 deest
915 3958 956 3968 -
979 3907 1116 4004 icoxeu.
1151 3922 1216 4005 [Sic
1250 3946 1376 4006 quoque

237 4018 312 4079 cod.
335 4021 460 4081 Vratisl.
482 4021 673 4096 ΕἸῪΧΕΝ,
702 4033 736 4084 nt
766 4025 903 4084 confusio
930 4034 1037 4105 pateat
1063 4015 1214 4092 interbH
1240 4034 1273 4084 et
1298 4018 1375 4103 GN]

237 4170 449 4185 *⁸*-

305 4258 331 4326 *)
353 4263 382 4311 Si
400 4279 418 4310 ιι
434 4264 524 4326 prosi
549 4267 668 4329 positum
693 4269 784 4331 dicas,
811 4267 924 4320 habebis
948 4267 1105 4333 πεποίησεν
1127 4286 1176 4334 pro
1202 4269 1374 4335 πεποίηκεν,

235 4341 328 4391 eadem
345 4343 483 4394 literarum
503 4360 518 4395 σ
536 4354 563 4397 et
581 4365 597 4396 κ
616 4352 792 4414 confusione,
821 4368 902 4416 quam
924 4354 997 4404 infra
1023 4354 1058 4403 ad
1076 4357 1105 4415 ⁶2,
1135 4354 1182 4415 13,
1202 4355 1248 4405 20.
1273 4356 1373 4405 iterum

236 4426 388 4485 tangemus.
