2884 5184
250 460 292 519 70
587 462 787 510 ossouna
811 460 1051 507 sinucuma

250 646 308 704 hoc
332 643 541 702 demonstrare
564 638 676 717 possit,
705 657 775 696 eum
798 623 854 695 cdv
879 655 941 694 non
969 635 1024 692 σοῦ
1042 635 1171 712 legisse,
1198 655 1254 693 non
1273 633 1370 694 video.

252 744 328 805 cod.
350 763 425 803 vero
446 739 607 801 Lactantio
629 759 752 819 quoque
773 738 828 795 σοῦ
848 735 959 795 reddit.
1005 734 1057 795 Sic
1081 736 1160 795 enim
1180 736 1242 794 ille:
1264 742 1370 813 ayton·

252 842 700 923 coytemnclieouoyyneosta,
721 810 745 897 ι.
767 859 794 897 e.

378 962 471 1002 αντον
488 957 543 1001 σον
562 956 693 1019 γεμωσκε
713 943 757 999 θν
774 943 818 998 θν
840 961 878 997 ον
897 959 982 997 socru

254 1047 321 1106 sive
341 1042 532 1105 emendatius

379 1132 472 1204 αὐτόν
489 1159 543 1203 σον
563 1129 784 1220 γίνωσκε’θεὸν
803 1139 879 1198 θεοῦ
900 1131 968 1198 olbv
988 1129 1082 1198 ἐόντα.

598 1296 669 1353 Lm.
693 1278 749 1353 IV.
774 1310 845 1350 ose.
872 1288 919 1349 13.
943 1288 974 1365 ὅ.
996 1287 1045 1347 21.

340 1416 438 1483 „lesse
465 1422 555 1472 autem
581 1415 638 1488 suit
661 1418 746 1486 poter
774 1411 879 1480 unu,
909 1426 948 1467 eu
973 1414 1057 1483 cujus
1082 1413 1178 1467 radice
1204 1425 1374 1465 ascensum

253 1531 313 1572 esse
331 1517 445 1587 (luen,
457 1518 638 1587 praelocutus
659 1520 715 1577 νοω
736 1528 797 1567 eum
818 1513 922 1567 seilicet
943 1513 977 1567 dc
997 1530 1051 1584 quo
1065 1513 1171 1586 Sibylla
1187 1514 1263 1580 dicit,
1286 1496 1374 1581 ἀνθή-

256 1630 299 1673 σει
319 1601 349 1672 d’
375 1603 472 1684 ἄνθος
494 1605 664 1693 κωθωρόν.“

190 1710 193 1716 ’
339 1714 427 1773 Nihil
440 1716 561 1773 variant
578 1712 728 1772 editiones
742 1712 911 1784 Laetantii,
929 1719 1052 1790 praeter
1066 1711 1186 1770 leviora
1199 1712 1373 1790 sphalmata,

254 1834 356 1895 neque
382 1814 480 1889 magis
506 1813 577 1872 libri
599 1813 758 1892 Sibyllini,
789 1812 842 1871 ubi
866 1813 918 1871 hio
944 1831 1051 1871 versus
1067 1815 1200 1890 ‚integer
1230 1821 1331 1872 exstat
1351 1810 1373 1869 6.

255 1937 285 1974 ν.
306 1912 352 1991 8.;
374 1932 476 1994 neque
499 1934 516 1974 e
539 1912 644 1973 codice
664 1914 804 1991 Regiom.
825 1914 899 1972 novi
921 1914 1084 1993 quicquam
1107 1913 1210 1973 efferri
1231 1924 1340 1993 potest.

610 2066 681 2124 Lm.
701 2064 757 2125 IV.
781 2083 852 2124 cnr.
876 2063 924 2122 15.
948 2063 978 2141 ξ.
1000 2064 1028 2123 9.

340 2186 397 2255 „m
420 2185 490 2242 baec
509 2188 600 2241 omniu
622 2203 677 2242 πον
697 2186 847 2254 manibrcs,
859 2191 907 2242 aut
927 2186 1020 2259 aliquo
1040 2187 1158 2254 medela,
1182 2187 1234 2242 sed
1254 2188 1334 2243 verbo
1352 2203 1378 2241 ω

243 2270 318 2364 lant
339 2285 407 2344 cod.
426 2281 519 2361 Reg.)
547 2288 677 2344 ὶνωέονο
690 2288 827 2358 faciebat,
858 2289 928 2343 ωὀω
951 2287 1031 2341 etiam
1060 2282 1135 2361 (jam
1158 2304 1183 2343 c.
1205 2283 1259 2363 R.)
1289 2287 1379 2361 Sibylla

251 2389 453 2462 praedixerat:

381 2476 480 2543 πάντα
500 2477 577 2566 λόγῳ
599 2476 736 2563 προὶωων
756 2477 859 2544 πᾶσάν
878 2504 908 2544 νε
924 2476 1015 2545 νόσον
1033 2479 1240 2562 θεραπεύων.“

255 2586 292 2644 In
315 2584 477 2661 Sibyllinis
500 2581 528 2642 8.
550 2605 580 2643 v.
605 2581 676 2643 272.
699 2605 808 2645 versus
829 2588 873 2646 sie
896 2586 1079 2666 concipitur:

381 2675 479 2743 πάντα
501 2675 579 2766 λόγῳ
598 2676 740 2764 πράσσων
761 2686 862 2746 πᾶσαν
883 2688 992 2746 νοῦσον
1012 2676 1196 2767 θεραπεύων.

256 2786 439 2867 Opsopaeus
464 2785 513 2845 ad.
530 2786 560 2845 h.
577 2786 599 2846 l.
621 2787 683 2847 loci
698 2788 855 2847 Lactantii
875 2787 1012 2847 meminit
1034 2785 1170 2866 quidem,
1196 2787 1253 2847 sed
1275 2789 1380 2848 nullan

255 2908 295 2947 ex
317 2906 372 2946 suo
394 2886 461 2947 cod.
476 2889 658 2949 varietatem
673 2889 776 2965 offert3
801 2888 867 2947 cod.
881 2889 1141 2967 Regiomontanus
1156 2909 1230 2948 vero
1247 2880 1381 2968 πράσσων

255 2989 347 3048 etiam
367 2990 528 3049 Lactantio
548 2991 695 3063 restituit,
717 2991 750 3048 in
769 2990 879 3049 ceteris
903 3010 971 3049 oum
989 2990 1116 3067 vulgata
1139 2993 1301 3061 consentit.
1336 2993 1379 3052 Sic

257 3090 338 3149 enim
377 3092 521 3170 scriptum
566 3099 631 3150 est:
683 3089 1381 3173 Huntaaotorllapaceoullacautendcouodpa-

255 3189 391 3268 IIeyuu,
413 3190 433 3247 i.
458 3210 484 3249 e.

384 3306 483 3347 ποντα
506 3291 583 3366 λογω
603 3304 766 3368 παρασσων
783 3305 883 3351 πασαν
905 3311 935 3351 τε
956 3295 1053 3352 νθσον
1072 3294 1276 3373 θθροπενων,

255 3388 309 3451 ubi
325 3389 403 3448 vitia
421 3389 657 3469 orthographica
675 3390 768 3452 facile
794 3391 981 3454 emendabis.

231 3570 257 3611 ο
708 3541 804 3602 msa.
835 3542 865 3619 s.
891 3543 939 3602 15.

325 3661 417 3731 ,Sed
437 3666 463 3717 et
485 3660 588 3733 Sibylla
610 3663 706 3718 eodem
726 3664 824 3718 cecinit
843 3664 886 3719 bis
904 3662 1028 3719 νωείὺνο

666 3760 781 3839 νεκρῶν
802 3757 834 3820 δὲ
856 3750 1016 3830 dedecore
1037 3756 1117 3819 ἔσται

381 3854 433 3917 καὶ
455 3860 557 3935 χωλῶν
578 3852 686 3939 δρόμος
706 3848 766 3919 ἔστ’
791 3849 869 3933 ὠκὺς
890 3857 941 3919 καὶ
962 3849 1062 3936 κωφὸς
1083 3847 1222 3936 ἀκούσει,

381 3955 433 4018 καὶ
453 3955 560 4034 τυφλοὶ
579 3956 740 4036 βλέψονσι,
763 3949 924 4038 λαλήσονσ’
945 3949 982 4018 οὗ
1003 3957 1184 4030 λαλέοντες.“

253 4060 305 4119 Sic
318 4067 441 4138 praeter
455 4059 686 4118 Bunemannum
702 4061 768 4120 sola
783 4062 812 4119 D
830 4081 869 4120 ex
890 4063 1002 4120 nostris
1024 4060 1219 4124 editionibus.
1257 4062 1381 4124 Ceterae

250 4179 356 4218 omnes
385 4160 521 4220 seeundo
549 4180 642 4220 versu
665 4150 726 4220 ἔστ’
751 4164 904 4233 omittunt,
934 4161 964 4220 A
986 4181 1109 4241 quoque
1139 4166 1214 4240 ωρός
1241 4162 1313 4242 (sio)
1333 4185 1379 4245 pro

250 4248 329 4329 ὠκὺς
349 4259 460 4333 habet,
483 4262 515 4319 in
538 4281 598 4341 quo
621 4263 793 4342 scripturae
815 4260 995 4342 compendio
1018 4263 1152 4340 vestigia
1166 4284 1264 4325 verae
1279 4268 1377 4326 lectio-

249 4359 296 4416 nis
322 4358 430 4416 latent.
473 4361 511 4418 In
535 4380 627 4420 versu
652 4364 743 4422 tertio
771 4354 950 4439 λαλήσουσιν
977 4355 1013 4422 οὗ
1036 4361 1185 4436 lullonum
1214 4364 1261 4437 A,
1286 4367 1329 4439 B,
1351 4364 1379 4424 Ο.

249 4456 384 4531 Reliqua
400 4456 477 4512 vitia
496 4460 609 4515 omitto.
634 4459 755 4535 Sibylla
778 4461 807 4521 8.
830 4483 860 4521 v.
887 4460 960 4522 205.
988 4484 1056 4544 sqq.
