2884 5184
383 471 571 532 QUINTUS
596 474 862 526 SMYRNAEUS.

174 632 269 726 ἦμος
291 636 548 709 ιἰναιτνείονσι
568 646 669 728 βροτοὶ
691 641 806 730 βαιὸν
826 646 978 731 καμάτοιο.

37 764 76 838 7,
103 763 182 824 624.
472 754 476 759 “
561 764 593 827 οἱ
608 757 638 827 δ’
661 760 773 847 ἀγχόθι
793 760 917 850 πύργων

176 860 294 945 βαιὸν
314 858 562 931 detruserat.

36 982 74 1057 o,
93 983 173 1044 430.

259 1073 466 1166 δμιινύσθή
488 1088 522 1159 (l.
546 1077 770 1166 ἀμπνύνθη)
791 1078 822 1149 δ’
842 1083 903 1169 ἄρα
922 1085 1078 1153 τυτθόν.

38 1201 167 1280 Quibus
186 1205 286 1266 simile
308 1214 369 1280 est,
393 1205 476 1288 quod
500 1205 533 1279 1,
555 1204 606 1264 80.
629 1207 743 1284 legitur

463 1297 542 1384 ὅμως
561 1297 591 1367 δ’
616 1300 675 1388 δρα
691 1299 806 1388 βαιδν
828 1302 952 1389 ιὀἱνδή

175 1408 287 1485 πολλῆς
308 1404 341 1467 ἐκ
364 1400 532 1487 κακότητος.

40 1519 90 1579 Of.
114 1519 193 1581 ibid.
215 1543 245 1581 v.
269 1521 319 1581 75.
342 1518 410 1603 περὶ
432 1519 519 1602 φρεσὶ
540 1517 683 1583 τντθδν
705 1502 836 1603 leven.

36 1691 68 1729 v.
90 1669 147 1730 27.
428 1724 431 1733 .
702 1664 772 1736 οὐδὲ
790 1697 834 1747 τις
852 1669 952 1755 ἡμέων

175 1773 264 1858 κείνῳ
286 1763 413 1834 ἔναντ’
440 1765 578 1851 ἔλθῶν,
600 1765 644 1835 ἔτ’
669 1768 880 1857 ἐκέδρακεν
896 1769 1089 1860 Ἠριγένειαν.

40 1890 129 1951 Olim
153 1893 316 1971 legebatur

176 1993 268 2079 κοίνῳ
288 1991 397 2055 ἔσαντα
418 1988 508 2072 ι’δεδν,
529 1983 570 2055 ἔτ’
594 1992 757 2076 ἐπέδραμεν
774 1990 967 2078 Ἠριγένειαν.

39 2110 94 2169 ubi
118 2107 210 2193 κείνῳ
233 2122 264 2170 et
286 2108 447 2190 ἔκέδρακεν
463 2112 702 2173 Rhodomanuus
719 2116 786 2192 jam
803 2117 955 2194 reposuit,
983 2116 1064 2176 idem
1086 2126 1186 2177 utrum

39 2209 155 2270 ἕσαντο
169 2232 210 2270 an
226 2209 334 2272 ἔναντα
349 2214 544 2274 scribendum
558 2214 679 2274 dubius.
715 2216 807 2275 Unde
825 2205 924 2275 ἔναντ’
940 2206 1041 2276 ἔλθοδν
1054 2221 1184 2293 venerit,

39 2313 162 2373 neseio.
207 2312 242 2373 si
270 2315 392 2375 codices
420 2324 543 2376 secutus
565 2316 763 2394 'Pyehsenius
795 2318 853 2376 hoc
882 2320 1024 2391 novavit,
1052 2340 1114 2377 non
1135 2340 1183 2378 re·

40 2436 161 2494 pugno.
207 2416 262 2478 sin
281 2418 396 2493 minus,
419 2419 538 2478 retineo
561 2415 580 2478 ἔ
585 2432 704 2475 σαντα
727 2409 817 2477 ideis
839 2419 877 2478 ob
901 2426 1038 2495 argutam
1062 2423 1183 2499 opposi-

39 2518 169 2577 tionem.
215 2518 278 2578 Sed
299 2511 460 2601 ἐσέδρακεν
479 2522 511 2579 in
533 2508 744 2597 ἐσέδρακεν
761 2520 939 2580 mutandum
959 2519 1091 2579 videtur.
1130 2520 1184 2580 Sol

41 2619 186 2700 quidem,
218 2629 248 2681 et
270 2642 381 2681 aurora
407 2617 537 2701 ἔφορᾷν,
569 2612 778 2699 ε’τιιδὲρκεσθαι
801 2622 861 2682 diei
882 2631 1010 2702 possunt
1031 2643 1104 2696 nos,
1133 2632 1185 2683 out

40 2730 160 2781 terram
179 2720 224 2803 (ut
242 2726 372 2799 Euripid.
393 2725 537 2799 Hippolyt.
553 2720 624 2781 849.
647 2725 765 2783 Homer.
791 2729 888 2802 Odys&
909 2722 964 2797 12,
991 2722 1087 2801 323.).
1121 2723 1185 2784 Sed

40 2823 184 2884 homines
205 2844 266 2884 non
290 2813 495 2904 ἕκιδέρκονται
514 2824 610 2884 solem
633 2834 691 2884 eto.

42 2995 72 3032 v.
95 2971 149 3033 79.
178 2970 280 3033 κλνντο
299 2964 329 3033 δ’
349 2961 420 3051 titire
437 2965 544 3045 πόντος
563 2965 710 3053 ἀπείριτος
728 2964 866 3052 Ἰκαρίοιο

175 3063 240 3152 ήδὲ
261 3072 324 3135 καλ
345 3065 475 3136 αὖαλέον
495 3064 581 3155 βαθδ
602 3068 685 3153 λήϊον
707 3096 735 3134 κ.
758 3095 782 3134 τ.
808 3076 833 3132 λ.

42 3192 154 3251 Sermo
178 3193 282 3272 epieus
304 3193 441 3273 postulat
463 3179 503 3269 ήδ
528 3187 593 3250 καὶ
613 3182 742 3254 αδαλέον
762 3202 820 3253 ete.
845 3192 926 3274 quod
947 3190 1186 3252 Rhodomennus

44 3315 172 3374 quoque
194 3295 227 3353 in
247 3294 500 3374 interpretatione
520 3295 683 3372 expressit.

40 3465 72 3501 v.
91 3405 144 3501 93.
174 3429 250 3501 (idid
271 3432 326 3521 χρὴ
347 3437 380 3500 ἔν
401 3434 502 3517 νήεσσι
522 3431 636 3519 με’νειν,
658 3435 742 3523 δχρις
763 3441 792 3518 ἔξ
813 3435 884 3516 debe
904 3442 981 3529 ἔλθῃ

174 3542 224 3603 δῖα
248 3533 347 3614 Θέτις·
369 3535 449 3619 μάλα
466 3532 526 3623 γάρ
548 3541 580 3602 οἱ
599 3540 643 3603 tvl
664 3544 770 3625 φρεσὶν
790 3537 926 3622 ἥδεται
944 3532 1017 3627 ἦτορ

173 3636 251 3718 νῐὲος
274 3634 352 3722 δμφλ
373 3637 460 3728 τάφῳ
481 3637 657 3725 περικαλλέα
677 3649 780 3706 θεῖναι
798 3639 902 3706 ἄεθλα.

43 3778 185 3840 Offendit
202 3779 234 3838 in
250 3778 309 3837 hoe
330 3778 399 3837 loeo
416 3777 569 3857 Spitzner.
586 3797 709 3857 quoque
725 3778 764 3836 V.
779 3778 820 3836 D.
844 3798 916 3860 pag.
933 3776 1010 3852 224,
1034 3784 1084 3840 eui
1096 3802 1181 3860 pror·
1198 3790 1200 3794 '

45 3902 97 3940 sus
126 3881 277 3940 assentior
305 3881 338 3939 in
358 3878 552 3961 ,explicanda
579 3897 689 3950 causo,
725 3899 778 3937 eur
805 3880 933 3957 vulgata
958 3879 1051 3940 lectio
1081 3880 1182 3942 deseri

44 3982 169 4042 debeat.
206 3983 278 4062 Ipse
300 3983 438 4063 reposuit
460 3977 504 4041 ἑνὶ
521 3975 627 4061 φρεσὶν
647 3975 760 4038 ἔλδεται
780 3964 866 4060 ήτορ,
888 3979 973 4039 facili
994 4000 1069 4041 sone
1083 3990 1180 4041 muta-

43 4089 138 4147 tione.
178 4087 241 4148 Sed
262 4085 388 4168 propius
409 4085 500 4144 etiam
520 4081 561 4143 ed
581 4083 739 4141 literarum
760 4083 868 4143 duetus
889 4081 1023 4154 secedit,
1046 4083 1129 4161 quod
1149 4094 1182 4144 ut

44 4190 76 4247 in
97 4197 254 4269 posterum
275 4187 458 4268 recipietur,
481 4185 661 4246 suademus:
686 4178 731 4241 ἐνὶ
752 4179 839 4262 φρεσὶ
859 4173 1023 4259 μήδεται
1044 4168 1123 4266 ἦτορ.
1142 4218 1184 4228 -

44 4312 73 4349 v.
96 4288 167 4349 130.
184 4289 256 4368 lege
275 4280 463 4368 ἐϋφροσύνης
483 4308 518 4347 τε
539 4282 602 4346 καὶ
624 4284 723 4356 εἴδεος.
739 4316 782 4325 -
802 4284 853 4343 Ι)ο
873 4304 903 4341 v.
922 4282 992 4343 185.
1017 4287 1055 4344 ef.
1076 4286 1182 4348 adnot.

45 4389 86 4450 as
105 4389 140 4465 3,
165 4387 236 4448 τοι.
