2884 5184
300 477 412 523 arun
433 475 712 524 sacrararum
736 478 877 525 osvin.
1108 471 1150 530 49

32 668 113 724 nargo
134 650 279 727 superior
300 670 356 729 per
377 657 474 708 totum
496 649 632 709 codicem
654 661 684 708 et
702 657 856 728 postrema
871 650 978 711 decem
992 652 1067 721 folia
1083 655 1149 726 fere

32 757 128 825 ntegra
147 768 230 829 aqua
254 750 329 808 olim
349 748 522 808 madefacta
542 749 679 821 fuerant,
700 756 734 807 ut
749 749 864 813 multae
877 750 979 810 lineae
997 754 1149 814 evanidas

32 850 78 905 'ere
95 847 181 935 pullo
204 848 315 921 modo,
347 869 387 907 ne
409 847 447 907 ab
471 849 677 908 oculatissimo
700 848 838 929 quidem,
866 850 988 930 qualem
1008 872 1056 911 me
1079 872 1147 912 esse

32 944 143 1019 gaudeo,
169 944 235 1023 legi
264 948 392 1025 possint.
437 948 487 1006 De
513 955 615 1009 aetate
644 946 758 1006 codicis
784 949 861 1013 nihil
883 948 1146 1027 definiro'aude03

32 1045 230 1103 ›raestantiam
259 1066 335 1117 vero
364 1047 431 1123 ejus
451 1066 509 1105 usu
531 1053 676 1125 expertus
699 1066 775 1105 sum.
818 1045 923 1126 Atque
945 1046 985 1104 ad
1005 1047 1148 1107 Latinum

32 1141 133 1220 pridem
153 1153 276 1204 textum
292 1134 514 1225 quod'attinet,
538 1146 674 1205 continet
688 1145 743 1205 illo
757 1146 868 1205 multas
886 1148 1026 1224 egregias
1041 1147 1151 1233 lectio-¹

32 1260 82 1313 res,
99 1243 209 1321 partim
232 1242 359 1302 aliunde
378 1245 444 1320 jam
464 1251 553 1313 notas
573 1245 685 1322 partim
699 1263 773 1303 vero
789 1258 928 1322 prorsum
940 1264 1048 1303 novas.
1085 1242 1148 1302 Sed

32 1359 69 1396 ras
92 1340 325 1420 inpraesentia
351 1342 533 1400 omittemus.
579 1340 701 1401 Graeca
729 1362 803 1401 vero
830 1343 862 1400 in
885 1342 972 1402 libris
994 1342 1147 1421 prioribus

32 1436 182 1513 adjunctam
211 1440 331 1499 habent
351 1441 634 1520 interpretationem
655 1441 816 1514 Latinam,
844 1444 976 1501 maxime
995 1440 1148 1500 diversam

32 1535 55 1593 ab
73 1539 324 1618 interpretatione
346 1541 476 1600 aliorum
498 1540 652 1613 codicum,
681 1561 773 1621 quam
791 1542 905 1620 passim
927 1542 959 1599 in
979 1542 1059 1600 notis
1080 1541 1145 1599 lau·

32 1632 120 1693 larunt
141 1636 289 1696 editores.
326 1638 364 1697 In
383 1638 462 1697 libro
482 1640 511 1697 7.
533 1660 607 1699 vero
626 1641 830 1698 Institutionum
850 1640 915 1699 sola
932 1638 1053 1699 Graeca
1076 1660 1145 1698 con·

34 1732 101 1808 inet3
121 1743 150 1793 et
170 1736 204 1793 in
225 1735 307 1794 libro
329 1735 370 1795 de
388 1737 456 1807 Ira,
480 1737 562 1816 quod
583 1737 763 1809 dolendum,
786 1739 851 1797 sola
866 1739 988 1797 Latina.
1025 1737 1147 1797 Graeca

32 1839 51 1887 rt
67 1832 224 1909 plurimum
243 1835 350 1893 latinis
366 1835 464 1893 literis
479 1836 592 1914 scripta
609 1843 694 1910 sunt3
717 1843 809 1916 atque
824 1837 868 1894 ita
883 1835 1007 1915 quidem
1023 1837 1146 1915 scripta,

32 1937 52 1985 rt
69 1941 244 2008 monstrent,
265 1934 424 1993 librarium
444 1954 507 1992 non
528 1937 626 1993 solum
645 1937 793 1994 sermonis
817 1935 930 1995 Graeci
951 1956 1075 2015 prorsus
1096 1955 1146 1995 ru·

32 2025 84 2085 lem
107 2029 218 2104 fuisse,
246 2031 305 2091 sed
325 2052 364 2091 ne
384 2032 490 2091 literas
513 2030 636 2111 quidem
657 2033 762 2110 legere
786 2033 939 2093 calluisse.
983 2034 1065 2092 Hinc
1094 2053 1146 2092 eas

32 2132 61 2181 ta
83 2128 191 2204 pinxit,
218 2139 253 2189 ut
284 2131 341 2189 sibi
369 2130 598 2189 similitudinem
632 2131 784 2210 quandam
814 2152 882 2206 oum
902 2118 1023 2191 Latinis
1049 2130 1147 2189 literis
1173 2156 1176 2163 ·

32 2223 125 2303 tabere
150 2227 354 2304 videbantur3
390 2248 471 2308 quae
496 2249 569 2287 vero
596 2229 685 2287 nulli·
699 2229 878 2287 Latinarum
905 2230 1019 2288 similes
1050 2236 1147 2301 erant,

32 2339 71 2379 aas
90 2333 241 2408 uteunque
264 2327 391 2388 rudibus
415 2327 555 2386 ductibus
569 2328 823 2406 repraesentavit.
858 2326 962 2404 Atque
977 2326 1146 2385 firmissime

32 2420 89 2478 mihi
107 2436 368 2502 persuasumst,
391 2416 578 2505 descriptum
601 2445 669 2484 esse
692 2423 829 2483 codicem
847 2425 913 2501 jam
935 2443 974 2482 ex
994 2424 1070 2496 alio,
1094 2424 1176 2503 quis

32 2535 115 2578 anon
134 2526 231 2602 magis
253 2526 352 2604 perito
375 2524 500 2583 librario
524 2525 654 2604 scriptus
679 2532 760 2601 erat3
784 2523 866 2605 quod
884 2521 967 2582 unde
989 2523 1145 2582 concluse·

32 2614 85 2688 rim,
111 2630 217 2698 postea
248 2620 371 2681 dicendi
396 2623 483 2682 locus
505 2632 561 2683 est.
606 2625 683 2682 Dixi
704 2643 812 2703 supra,
843 2622 981 2704 quamvis
1004 2624 1147 2702 paginam

32 2714 53 2769 in
75 2715 143 2777 duas
170 2722 329 2780 columnas
359 2722 488 2782 divisam
520 2744 602 2800 esse;
627 2726 693 2801 jam
720 2725 823 2797 initio,
851 2725 936 2783 nullo
965 2723 1147 2813 discrimine,

32 2811 71 2870 ubi
91 2814 207 2878 Graeca
236 2829 411 2892 occurrunt,
444 2822 522 2881 haec
551 2842 619 2881 cum
640 2822 753 2880 Latina
780 2823 921 2881 versione
949 2824 993 2880 ita
1020 2820 1147 2879 confusa

32 2917 54 2966 et
78 2917 222 2990 permixta
253 2929 337 2991 sunt,
370 2928 404 2978 ut
429 2940 500 2979 mox
528 2941 568 2980 ex
598 2921 748 3000 exemplis
775 2919 907 2999 patebit,
939 2927 1047 3000 postea
1073 2936 1147 2976 vero

32 3005 114 3071 denuo
134 3015 264 3096 quaevis
287 3017 427 3077 columna
445 3019 478 3077 in
492 3017 567 3077 duas
585 3017 686 3076 divisa
702 3027 762 3091 est,
786 3039 913 3100 quarum
928 3019 1010 3098 prior
1025 3017 1147 3088 Latina,

32 3113 162 3181 posterior
185 3115 309 3176 Graeca
340 3119 484 3178 continet.
528 3118 630 3176 Voces
659 3117 799 3193 singulae
826 3135 895 3174 raro
916 3114 1079 3174 intervallo
1101 3133 1147 3171 se.-

32 3203 136 3275 iunctae
164 3223 250 3287 sunt,
286 3215 342 3274 sed
370 3218 470 3275 omnia
499 3216 641 3274 continuo
666 3222 773 3274 tenore
800 3215 980 3293 perscripta.
1024 3211 1148 3270 Literae

32 3320 81 3361 uon
97 3328 250 3392 nunquam
273 3322 325 3373 aut
344 3315 549 3393 transpositae
565 3321 635 3372 sunt
651 3321 703 3371 aut
719 3310 900 3372 exciderunt
915 3320 967 3369 aut
983 3302 1148 3370 abundant.

32 3397 203 3483 Compendia
227 3411 378 3491 scriptura
400 3413 466 3471 fere
487 3412 590 3485 nulla,
620 3413 679 3471 nisi
698 3414 730 3470 in
751 3412 878 3471 vocibus
896 3399 967 3481 θεὸς
988 3417 1019 3471 et
1039 3401 1150 3491 κύριος.

32 3501 59 3554 Ν
77 3501 162 3565 finale
189 3530 284 3589 saepe
315 3511 466 3571 omissum.
511 3510 744 3591 Nonnunquam
767 3532 799 3571 αι
824 3530 880 3589 pro
909 3529 922 3567 ε
950 3518 980 3568 et
1007 3528 1096 3589 spro
1119 3530 1151 3567 αι

32 3598 169 3677 scriptum,
204 3607 268 3667 Sed
289 3629 364 3689 prae
386 3611 513 3691 reliquis
538 3609 786 3686 investigandum
803 3616 882 3680 erat,
906 3608 1015 3686 quibus
1030 3608 1150 3665 Latinis

32 3688 114 3757 literis
137 3701 272 3765 Graecas
294 3699 436 3766 librarius
459 3708 672 3787 expressisset.

104 3864 210 3949 Itaque
238 3893 271 3947 α,
302 3870 336 3946 δ,
361 3881 393 3932 et
420 3876 437 3931 λ
464 3873 645 3952 plerumque
670 3890 727 3949 per
758 3890 777 3927 a
803 3869 967 3939 minutum,
995 3897 1037 3911 ·-
1059 3865 1150 3946 quale

35 3956 113 4020 etiam
137 3987 217 4028 nunc
246 3972 278 4028 in
304 3972 460 4050 impressis
484 3972 603 4030 Latinis
631 3970 717 4028 libris
745 3969 872 4044 legitur,
902 3998 944 4008 -
973 3985 1151 4045 expressum

36 4063 82 4112 est.
121 4062 201 4127 Raro
227 4070 368 4129 invenies
391 4074 419 4128 Δ
440 4078 471 4129 et
491 4073 539 4142 Λ;
569 4069 625 4129 sed
655 4079 685 4128 et
712 4069 791 4126 haec
818 4067 897 4124 inter
921 4085 955 4124 se
985 4073 1110 4152 etcum
1133 4086 1152 4121 a

36 4155 162 4237 ⁰⁰¹1f11883
191 4168 224 4224 λλ
251 4167 430 4247 plerumque
460 4187 517 4246 per
539 4169 598 4242 M,
627 4183 845 4244 nonnunquam
873 4182 929 4240 per
957 4180 995 4220 aa
1025 4169 1077 4219 aut
1103 4165 1153 4219 aA

37 4265 208 4329 expresnsum.

109 4356 215 4430 t-s.

83 4482 218 4549 treuva,
247 4495 362 4536 opusc.
387 4495 455 4534 sun.
478 4495 500 4533 1.
