2884 5184
598 430 794 477 ORACULA
815 429 1047 476 SIBYLLINA

421 604 526 662 inania
548 602 628 662 dona
828 588 835 599 ⁶
971 602 1214 683 IIpotiaeeampa
1298 632 1302 655 ·

420 705 545 763 mortuis
567 704 603 761 af
973 704 1155 762 uataiakata

421 807 492 866 fers.
536 804 662 864 Hostias
974 806 1158 879 pdiueuoici

420 907 522 986 ydolis
543 906 611 964 cele
971 905 1177 985 ssopiaeidyie

420 1009 502 1067 bras.
523 1008 591 1086 quis
612 1007 637 1064 ti
973 1007 1172 1067 iauaoictieoi

419 1109 452 1167 bi
474 1127 608 1167 errorem
972 1106 1218 1187 Haauorrenppe

421 1211 453 1268 in
474 1217 576 1267 mente
597 1228 637 1286 po

421 1310 482 1370 suit
502 1317 536 1368 ut
555 1309 614 1368 hec
974 1309 1113 1367 totaaeiu

419 1411 516 1471 facias
540 1410 614 1469 dere
970 1406 1196 1488 Hpoaiellonta

418 1513 492 1570 licta
515 1511 566 1571 dei
585 1530 656 1588 mag
899 1498 933 1571 J
976 1511 1138 1587 Oeoyueya

419 1614 452 1671 ni
473 1610 645 1688 ficencia*)
973 1610 1198 1690 aoioHpoctotio

256 1725 337 1807 quod
360 1733 407 1784 est
428 1726 512 1793 ελλας
530 1721 567 1797 δη
587 1744 615 1781 τι
643 1721 710 1801 (pro
732 1741 755 1780 π
777 1722 837 1801 leg.
860 1722 899 1800 rt)
929 1726 1076 1794 πεπονθας
1098 1740 1133 1781 επ
1155 1721 1302 1803 ανδρασιν
1323 1741 1372 1801 upa

254 1837 359 1899 μονσσι
380 1821 411 1899 (ρ
431 1820 531 1880 denuo
552 1841 620 1879 cum
641 1842 660 1898 γ
682 1821 852 1900 confusum)
874 1841 932 1902 προ
955 1843 984 1881 τι
1003 1821 1049 1880 des
1068 1821 1151 1899 δωρα
1167 1843 1281 1899 paratu
1300 1842 1372 1881 rurr-
1417 1842 1418 1847 ¹

255 1924 429 1997 φθιμενοισι
445 1918 555 1996 ποριζει
578 1921 651 1990 cors
665 1916 843 1998 ιδωλοις**)
866 1942 895 1980 τι
909 1936 956 1980 σοι
966 1925 1081 1980 πλανον
1095 1941 1127 1979 εν
1143 1942 1199 2001 prpe
1217 1955 1229 1963 -
1248 1956 1263 1965 -
1280 1956 1294 1964 -
1313 1953 1372 1963 ---
1417 1944 1418 1959 ¹

253 2040 285 2079 το
312 2021 410 2077 ταλειν
426 2019 621 2096 προλιεπονῑα
640 2020 715 2076 deoc
735 2022 874 2097 prycioro
894 2035 1033 2099 προσωπο
1057 2019 1139 2097 (nam
1161 2040 1217 2100 pro
1237 2021 1261 2078 ti
1281 2020 1372 2096 legen»
1417 2040 1418 2073 i

253 2118 324 2178 dum
345 2116 398 2194 Π).
443 2117 533 2195 Quae
561 2117 668 2196 paucis
697 2118 894 2197 exscriptoris
923 2119 1006 2177 vitiis
1036 2120 1173 2198 exceptis
1202 2119 1297 2199 plane
1319 2138 1373 2176 cum
1416 2139 1418 2169 ⁴

252 2218 383 2277 Puteani
404 2217 508 2277 codice
532 2226 563 2276 et
582 2217 658 2297 ipsis
678 2214 899 2295 Sibyllinorum
917 2217 1057 2278 versibus
1081 2219 1260 2290 convenire,
1285 2218 1373 2276 statim
1417 2236 1418 2269 i

253 2318 390 2398 apparet.
436 2316 519 2394 Quin
539 2317 644 2396 itaque
666 2316 794 2393 vulgata
808 2315 964 2375 Lactantii
983 2317 1135 2398 scriptura
1157 2337 1174 2376 e
1196 2314 1315 2375 duobus
1335 2315 1374 2373 his
1417 2334 1418 2389 ᾗ

253 2416 408 2476 codicibus
437 2416 547 2475 mutari
569 2413 697 2486 debeat,
728 2414 782 2472 vix
804 2412 927 2472 dubium
953 2434 1021 2474 esse
1047 2421 1158 2494 potest.
1204 2411 1269 2471 Sed
1291 2414 1374 2472 oritur
1417 2434 1418 2467 1

248 2517 314 2592 jam
337 2516 399 2575 alia
420 2514 559 2596 quaestio
582 2512 790 2586 subdifficilis,
818 2513 901 2572 unde
921 2512 1046 2573 tandem
1067 2513 1180 2572 factum
1202 2513 1256 2586 sit,
1281 2522 1315 2572 ut
1330 2513 1373 2570 mi·

251 2633 318 2672 rum
340 2614 372 2671 in
393 2610 514 2671 modum
535 2611 567 2668 in
589 2611 699 2689 ceteris
726 2611 952 2691 exemplaribus
979 2612 1057 2672 haec
1079 2610 1247 2692 depravata
1269 2612 1374 2691 reperi·

252 2721 351 2771 antur.
395 2709 446 2769 Ad
472 2729 563 2790 quam
595 2711 805 2789 quaestionem
835 2711 978 2792 equidem
1004 2731 1154 2792 reponere
1184 2731 1246 2770 non
1271 2709 1374 2780 dubia,

252 2812 347 2871 fuisse
368 2809 521 2891 quendam
542 2829 654 2887 graece
673 2810 749 2868 satis
771 2810 891 2870 doctum
912 2811 1080 2884 hominem,
1104 2812 1157 2891 qui
1179 2831 1246 2869 cum
1261 2819 1375 2889 praeter
1417 2800 1418 2809 ¹

250 2912 370 2971 initium
392 2918 495 2969 cetera
517 2911 549 2968 in
570 2916 625 2969 su'o
650 2908 755 2969 codice
776 2911 881 2988 legere
904 2912 1060 2991 nequiret,
1083 2898 1214 2968 latinam
1232 2911 1372 2988 interpre-

209 3020 234 3062 16
250 3012 397 3069 tationem
425 3008 466 3067 ad
493 3008 620 3069 verbum
644 3015 767 3068 secutus
794 3009 862 3087 ipse
886 3005 1007 3067 Graece
1036 3008 1137 3066 vertit.
1182 3007 1264 3065 Nam
1292 3009 1374 3066 mirus

252 3118 299 3169 est
319 3128 485 3168 consensus
506 3109 586 3167 inter
603 3106 739 3181 Graeca,
764 3128 844 3189 quae
864 3116 987 3167 veteres
1005 3107 1154 3167 editiones
1170 3114 1374 3187 representant

247 3215 340 3286 atque
360 3208 642 3284 interpretationem
663 3207 806 3266 Latinam
826 3207 859 3265 in
880 3205 999 3266 duobus
1018 3203 1066 3266 his
1090 3206 1262 3267 codicibus.
1308 3205 1374 3283 Quis

194 3340 199 3348 ·
249 3324 324 3363 vero
350 3305 464 3383 primus
494 3303 650 3380 vulgatam
670 3303 826 3362 Lactantii
851 3305 883 3363 in
909 3324 1017 3391 versus
1047 3304 1237 3379 distinxerit,
1267 3305 1372 3365 nescio.

169 3401 172 3405 ’
250 3403 394 3463 Ceterum
421 3409 521 3460 utrum
547 3394 718 3479 προλιπόντι
744 3422 784 3460 an
812 3393 993 3480 προλιπόντα
1018 3404 1133 3463 scribas
1163 3404 1295 3485 perinde
1327 3410 1372 3462 est

249 3502 329 3560 Nam
358 3501 410 3561 ubi
435 3501 605 3578 subjectum
632 3499 774 3559 infinitivi
799 3501 839 3559 ad
865 3502 1102 3581 praecedentem
1125 3504 1259 3584 aliquem
1281 3523 1373 3563 casum

248 3602 394 3675 refertur,
423 3601 455 3659 id
474 3599 557 3681 quod
575 3600 646 3659 huic
664 3600 803 3677 subjecto
826 3601 968 3663 infinitivi
989 3609 1151 3681 praeterea
1173 3596 1297 3661 additur
1317 3602 1372 3682 ple·

247 3722 375 3782 rumque
403 3702 436 3759 in
458 3700 566 3760 eodem
588 3720 676 3774 casu,
705 3701 757 3781 qui
777 3700 961 3780 praecedaff,
992 3702 1082 3781 poni,
1112 3701 1304 3760 notissimum
1325 3709 1373 3758 est

248 3801 326 3860 Sunt
351 3809 454 3860 tamen
480 3801 554 3859 satis
582 3801 676 3859 multa
703 3800 862 3878 exempla,
892 3800 945 3859 ubi
972 3801 1046 3872 hoc,
1076 3798 1159 3880 quod
1184 3800 1229 3856 ita
1250 3799 1373 3867 additur,

248 3910 388 3978 quartum
409 3920 526 3972 casum,
556 3899 609 3978 qui
631 3898 766 3958 solennis
787 3908 834 3958 est
854 3899 992 3977 subjecto
1014 3898 1168 3970 infinitivi,
1199 3906 1321 3971 servat,
1346 3905 1374 3954 ut

316 4208 345 4272 ²¹⁶)
365 4211 405 4258 sie
422 4227 471 4273 pro
485 4212 562 4273 facie.
1001 4268 1003 4271 v

305 4290 349 4355 **)
367 4292 459 4342 Codex
476 4294 589 4344 Vratisl.
613 4295 642 4344 in
661 4296 772 4346 Graecis
791 4296 890 4345 desinit
907 4297 936 4345 in
955 4297 1059 4347 verbis:
1080 4294 1163 4354 θνεις
1190 4287 1219 4344 δ’
1240 4294 1328 4355 ador-3
1351 4296 1374 4343 in

247 4374 470 4436 praecedentibus
499 4376 622 4440 πορίζεις
653 4380 804 4430 confirmat.
838 4382 1039 4451 interpretatio
1065 4382 1152 4432 latina
1182 4396 1295 4446 prorsus
1318 4395 1374 4429 eon·

248 4457 325 4503 venit
343 4471 403 4503 oum
421 4472 468 4518 ea,
487 4473 568 4519 quam
586 4460 653 4509 Cod.
672 4464 778 4526 Regim.
798 4464 892 4526 habet,
911 4464 966 4513 nisi
984 4466 1057 4529 quod
1075 4469 1150 4514 recte
1164 4465 1237 4527 socie
1255 4464 1310 4513 dat.
