2884 5184
407 481 520 529 Aron
542 480 833 529 uacruurruu.
1127 467 1187 527 155

55 658 130 737 λυσλη
156 681 235 720 vero
261 657 372 719 eodem
391 656 481 716 modo
508 656 620 715 dicitur
641 664 675 715 ut
694 650 844 732 ἕςηλυσλη,
871 653 1047 734 τατηλυσλη,
1074 653 1187 732 alia*).

54 760 147 840 Atque
172 779 285 819 vocem
312 758 393 816 hanc
419 776 482 815 non
508 756 607 816 minus
633 755 684 815 hie
709 756 891 829 convenire,
922 775 1013 837 quam
1035 743 1188 827 ἀνάλυσις,

54 881 134 921 nemo
156 859 297 939 negabit.

368 971 440 1030 Lm.
458 970 530 1032 VII.
565 989 636 1030 oar.
661 967 709 1029 18.
740 966 771 1045 ξ.
793 968 822 1030 3.
842 969 872 1028 4.

131 1073 235 1161 ,,Οιιοὶλ
254 1090 374 1145 Hermes
403 1093 493 1143 tumen
522 1103 577 1142 non
604 1087 791 1144 insimulavit.
835 1084 871 1143 In
892 1102 924 1143 eo
944 1089 1014 1142 euim
1033 1086 1115 1150 libro,
1142 1092 1191 1160 qui

54 1180 132 1267 λόγος
151 1186 260 1260 τέλειος
278 1190 437 1246 inscribitur
456 1189 518 1261 (qui
539 1189 614 1244 telios
634 1189 794 1245 inscribitur
815 1208 840 1246 ο.
856 1183 909 1264 R.)
928 1195 993 1261 post
1006 1191 1188 1246 enumeratio-

54 1309 109 1348 uem
131 1294 286 1363 mulorum,
314 1292 348 1347 de
376 1291 472 1364 qubus
494 1288 629 1357 (linimus,
658 1288 778 1360 subjecit
796 1291 880 1347 haee:
908 1275 954 1346 ἐπ’
978 1276 1018 1344 ἀν
1038 1275 1076 1362 δὴ
1099 1287 1191 1344 ταῦτα

55 1379 106 1450 ὦδε
122 1389 260 1470 γένηται,
292 1373 315 1450 oi
332 1377 507 1466 Ἀσκληπιὲ,
537 1377 601 1445 τότε
622 1376 639 1444 b
659 1378 771 1464 Κύριος
791 1386 842 1448 καλ
860 1383 959 1466 πατὴρ
979 1382 1030 1446 καλ
1048 1376 1119 1457 θεὸς
1139 1381 1190 1445 καλ

55 1496 102 1552 τοῦ
128 1485 251 1573 πρώτου
278 1488 329 1550 καὶ
355 1480 419 1561 ἑνὸς
446 1490 522 1548 θεοῦ
557 1479 735 1567 δημιουργὸς
773 1485 935 1567 ἐπιβλέψας
973 1490 1035 1559 τοῖς
1072 1484 1190 1565 γενομέ-

56 1615 113 1666 νοις
145 1590 198 1653 καὶ
228 1595 265 1675 τῇ
297 1588 403 1652 ἑαυτοῦ
431 1580 569 1668 βουλήσει
598 1590 659 1659 τοῖς
693 1579 857 1664 τοιούτοις,
895 1581 927 1647 τὸ
962 1576 1083 1666 ἀγαθὸν
1106 1576 1189 1648 ἀντε-

57 1694 147 1773 petras
179 1696 217 1777 τῇ
243 1684 348 1776 ἀταξίᾳ
372 1687 424 1751 καὶ
446 1681 704 1767 ἀνακαλεσάμενος
726 1669 781 1765 τήν
801 1679 919 1766 πλύυην
938 1685 989 1747 καὶ
1009 1677 1064 1765 τὴν
1081 1687 1191 1749 κακίαν

57 1788 225 1876 ἐκκαθήρας
252 1797 294 1871 πή
322 1789 377 1872 μὲν
404 1784 490 1852 tuan
510 1793 612 1873 πολλῷ
634 1783 818 1867 καταλύσας,
850 1792 893 1868 πῆ
911 1786 943 1849 δὲ
963 1786 1037 1867 πυρὶ
1057 1781 1190 1874 ὀξυτάτη)
1253 1819 1256 1825 ·

58 1887 234 1971 διακαύσας,
261 1890 351 1953 ἐνίοτε
380 1887 413 1951 δὲ
442 1886 580 1970 πολέμοις
598 1890 648 1952 καλ
671 1894 784 1969 λοιμοῖς
802 1888 937 1965 ἐκπιέσας
957 1883 1069 1973 ήμαγευ
1087 1891 1135 1955 ἐπὶ
1155 1884 1188 1955 rb

58 1986 177 2077 ἀρχαῖον
201 1993 251 2055 καὶ
272 1985 485 2069 ἀποκατέστησε
506 1984 558 2053 τὸν
581 1991 688 2055 ἑαυτοῦ
711 1985 857 2071 κοσμόν.“

136 2100 250 2158 Latine
274 2098 353 2156 haec
379 2093 445 2172 legi
470 2094 503 2152 in
525 2094 653 2175 Apuleji
675 2095 823 2173 Asclepio
850 2114 922 2173 pag.
945 2093 1017 2154 516.
1046 2105 1190 2157 notarunt

57 2202 115 2278 jam
140 2202 341 2281 interpretes,
367 2196 420 2257 ubi
444 2195 541 2255 verba
563 2198 608 2256 sic
629 2204 754 2255 sonant:
781 2191 844 2251 cunr
867 2196 938 2251 bueo
956 2202 1055 2252 cuncto
1073 2202 1190 2272 conrupe-

61 2308 112 2361 rint
117 2350 125 2377 ,
146 2326 162 2363 o
184 2305 307 2378 Asclepii,
331 2309 395 2358 tuuc
415 2301 460 2356 ille
481 2301 606 2356 ἀοιυὶναο
627 2304 654 2354 et
670 2302 754 2370 puter
776 2298 844 2352 desis
859 2298 1043 2369 primipotens
1064 2306 1092 2354 et
1109 2303 1201 2357 uiuus¹

60 2407 221 2478 oubemotor
248 2406 344 2461 muudi
363 2406 470 2460 intuens
490 2404 520 2457 iu
541 2416 632 2457 mores
651 2399 785 2473 foetuque
802 2399 957 2455 uoluntario
977 2398 1113 2455 uoluntate
1129 2416 1191 2472 suo,

63 2521 126 2573 quse
146 2514 188 2564 est
206 2507 252 2562 clei
271 2505 435 2579 beuipnitos‚
463 2505 532 2562 uitiis
553 2504 685 2559 resistens
705 2506 732 2557 et
750 2500 926 2573 corruptelae
944 2500 1079 2570 omnium,
1110 2516 1190 2558 erro-

64 2618 119 2657 rem
133 2623 281 2677 revocans,
300 2608 495 2679 mulipnitutem
515 2619 621 2661 ornnem
642 2605 685 2662 uel
704 2605 839 2660 alluvione
859 2602 966 2657 ἀλίτοντο
987 2604 1030 2660 uel
1049 2605 1111 2676 rpne
1123 2620 1189 2660 con-

65 2719 182 2773 sumens,
216 2710 259 2764 oet
283 2709 384 2765 morbis
405 2706 594 2781 pestilentibus
621 2708 719 2780 ubique
746 2723 803 2781 per
833 2708 942 2766 diuerso
970 2706 1032 2761 loeo
1059 2706 1192 2780 dispersis

63 2805 174 2880 liniens,
206 2808 245 2861 od
268 2812 408 2883 οκλίηκοκι
431 2809 534 2883 faeiem
561 2809 691 2865 muudum
719 2810 864 2867 revocabit.
908 2807 998 2865 Haec
1025 2826 1100 2868 sane
1124 2829 1191 2868 cum

66 2903 170 2961 nostris
190 2899 318 2964 Graecis
335 2929 398 2968 non
418 2909 533 2989 ubique
555 2907 737 2981 convenire,
765 2906 857 2965 facile
878 2907 911 2964 in
931 2906 1035 2965 oculos
1055 2908 1191 2980 incurrit,

66 3010 96 3061 ut
112 3012 212 3063 tamen
230 3025 292 3062 non
312 3006 384 3065 iude
403 3019 523 3087 pateat,
544 3030 605 3091 qua
623 3010 743 3068 ratione
766 3006 888 3067 Graeca
908 3005 1100 3067 emendanda
1119 3010 1189 3082 sint,

67 3104 118 3162 nisi
144 3105 227 3185 quod
250 3125 318 3164 eum
339 3106 466 3167 Davisio
494 3103 678 3180 κατακλύσας
706 3129 761 3188 pro
787 3099 954 3177 καταλύσας
979 3107 1051 3167 hinc
1081 3110 1188 3170 confir-

67 3214 174 3278 matur,
201 3204 284 3285 quod
306 3206 368 3265 alia
388 3215 549 3286 praeterea
577 3210 758 3270 auctoritate
776 3230 847 3269 mox
868 3210 1069 3269 adstruemus.
1114 3209 1190 3272 Sen-

68 3326 126 3365 sum
155 3305 320 3383 fragmenti
348 3308 441 3366 totius
473 3308 565 3368 facile
595 3312 778 3390 perspiciam
813 3311 868 3371 sed
901 3311 974 3393 quid
1006 3312 1064 3372 sibi
1094 3314 1193 3374 velint

68 3407 170 3481 verba,
192 3404 243 3466 uui
263 3410 300 3489 τῇ
321 3405 425 3467 ἑαυτοῦ
446 3400 584 3485 βουλήσει
605 3415 664 3484 τοῖς
685 3405 828 3485 τοιούτοις
845 3405 878 3472 τὸ
893 3402 1012 3491 ἀγαθὸν
1027 3403 1193 3493 ἀντιρείσας

68 3507 100 3586 τή
125 3496 229 3591 ἀταξίᾳ
252 3530 341 3569 nemo
365 3529 440 3569 sane
461 3508 584 3569 dixerit.
626 3513 688 3572 Hic
710 3524 793 3574 certe
818 3514 959 3594 planiora
981 3524 1051 3573 sunt
1070 3516 1191 3581 Latina,

69 3612 196 3669 utuntete
217 3630 286 3681 suu,
308 3629 379 3685 quoe
400 3618 441 3668 est
458 3613 503 3668 dei
520 3613 683 3685 benipnitus‚
706 3619 774 3671 uitiis
793 3618 931 3670 resistens.

144 3711 208 3772 Ubi
226 3712 379 3770 Patricius
406 3712 609 3788 fragmentum
633 3710 692 3771 hoc
713 3712 886 3784 collocarit,
915 3711 998 3790 quod
1017 3712 1193 3771 Fabricium

70 3809 196 3889 fugerat,
224 3812 426 3872 indicavimus
446 3813 486 3872 ad
505 3813 559 3872 lib.
582 3813 612 3870 4.
640 3832 707 3892 cap.
731 3811 760 3871 6.
790 3811 821 3888 ξ.
845 3812 873 3871 3.
896 3813 925 3870 4.
970 3810 1034 3871 sed
1054 3812 1131 3870 nihil
1151 3813 1194 3871 ibi

70 3914 211 3972 vadatum
237 3915 378 3987 invenio,
413 3934 505 3995 quam
532 3910 594 3972 ἐπεὶ
621 3902 661 3972 ἀν
690 3915 792 3972 statim
823 3914 861 3973 ab
883 3912 985 3989 initi03
1018 3920 1082 3971 tum
1107 3911 1194 3971 deest

72 3995 93 4068 oi
102 4004 254 4090 Ἀσκληπιὲ
267 4048 309 4057 -
323 4023 486 4095 praeterea
505 4015 617 4092 legitur
638 4016 674 4094 τῇ
694 4002 952 4090 aucupantium
972 4013 1095 4072 tandem
1110 4022 1194 4072 recte

73 4108 247 4187 κατακλύσας
270 4116 493 4195 scriptumest,
522 4114 658 4195 quadiu
679 4122 835 4194 posterum
855 4114 1018 4172 Lactantio
1039 4112 1195 4173 reddetur.

73 4212 188 4275 Rectius
215 4236 338 4298 quoque
365 4204 581 4294 ἀποκατέστησε
603 4216 735 4295 simplici
753 4223 916 4293 augmento
938 4213 1050 4273 ibidem
1071 4212 1194 4289 legitur.

134 4433 159 4499 *)
178 4435 303 4485 Diximus
327 4433 361 4486 de
373 4415 436 4486 ⁴hac
454 4450 521 4486 voce
535 4433 595 4498 jam
612 4436 641 4483 in
660 4433 797 4484 Addendis
816 4431 851 4482 ad
869 4430 1026 4482 Schneideri
1043 4432 1111 4483 Lex.
1130 4448 1194 4499 pag.

77 4514 135 4581 lta,
151 4520 198 4570 ubi
215 4520 296 4587 culpa
313 4520 473 4589 typothetae
490 4512 629 4587 ἀνάληιου
648 4537 697 4587 pro
715 4510 854 4570 ἀνάλυσιν
872 4533 1001 4573 excusum
1020 4522 1072 4571 est.
