2884 5184
233 436 308 482 XXX
548 432 632 479 vm
655 431 732 480 CAR.
755 432 885 479 LUDOV.
908 432 1053 481 S'I'RUVE.

235 606 345 670 varios
367 603 553 689 scriptores,
569 601 709 665 fortasse
731 602 872 688 denique
891 611 1144 688 programmata,
1166 625 1251 689 quae
1268 623 1388 689 usque

235 705 278 769 ad
299 703 382 768 illud
402 711 531 789 tempus
554 696 788 787 evulgaverat,
817 703 864 771 ita
889 709 927 765 ut
952 710 1009 765 aut
1037 701 1073 763 in
1098 701 1225 766 medias
1250 725 1307 766 res
1336 724 1388 766 ea

235 806 387 886 inferret,
407 805 516 866 autin
537 804 601 867 fine
624 802 842 867 describenda
864 812 1008 884 curaret3
1032 824 1142 888 quum,
1164 813 1257 890 parte
1279 804 1386 867 sche-

235 909 349 971 darum
369 913 500 990 parata,
527 914 564 968 ut
590 905 680 990 typis
709 904 968 986 exscriberetur,
997 905 1133 968 nuntius
1160 903 1280 969 allatus
1310 912 1386 986 est,

235 1007 470 1073 Schneiderum
492 1028 611 1071 novam
629 1027 766 1091 samque
787 1008 919 1070 tertiam
932 1004 1040 1069 moliri
1058 1004 1159 1070 lexici
1179 1006 1384 1071 editionem.

235 1110 354 1173 struve
375 1109 497 1172 morari
518 1108 702 1187 constituit,
726 1106 830 1169 donec
852 1107 933 1170 haec
964 1108 1065 1171 editio
1091 1106 1246 1192 evulgata
1270 1114 1386 1189 esset,

234 1211 348 1275 eodem
370 1230 449 1275 vcro
470 1230 557 1272 anno
582 1209 662 1271 1819
690 1207 755 1270 duo
782 1209 962 1292 specimina
991 1206 1106 1272 horum
1133 1207 1387 1273 Addendorum

233 1312 358 1400 publici
374 1311 461 1395 juris
481 1309 571 1373 fecit.
617 1307 710 1388 Quae
732 1329 832 1392 quum
851 1310 1031 1395 accepisset
1053 1309 1281 1391 Schneiderus,
1308 1316 1388 1372 sta-

233 1415 293 1476 tim
315 1434 374 1498 per
392 1409 504 1473 literas
527 1430 600 1471 eum
627 1409 773 1491 rogavit,
804 1417 841 1472 ut
867 1420 1057 1498 excerptum
1084 1434 1128 1478 ex
1159 1410 1210 1474 his
1239 1409 1387 1473 schedis

235 1512 433 1579 Germanica
453 1509 568 1594 lingua
590 1510 748 1595 scriptum
777 1513 907 1596 paranti
936 1512 1000 1576 sibi
1024 1516 1159 1578 tertium
1186 1510 1284 1575 lexici
1316 1532 1386 1574 vo·

109 1637 115 1647 ·
234 1617 364 1695 lumen,
394 1609 644 1697 supplementa,
670 1609 814 1696 benigne
841 1613 981 1677 cederet.
1022 1614 1180 1695 Patruus,
1209 1634 1274 1698 qua
1302 1621 1386 1674 erat

92 1792 94 1795 Ι
235 1715 343 1779 iubis
370 1712 471 1776 rebus
495 1709 691 1775 liberalitate
724 1720 758 1774 et
791 1712 861 1776 fere
895 1715 997 1778 nimia
1025 1713 1195 1800 largitate,
1222 1713 1385 1799 precanti

167 1856 170 1859 -
235 1816 367 1895 adnuit,
390 1811 485 1876 fratri
505 1817 614 1873 autem
636 1811 731 1875 initio
749 1814 828 1875 anni
850 1815 932 1877 1820
952 1815 1034 1880 haec
1057 1815 1186 1880 scribit:
1210 1814 1281 1898 „De
1305 1835 1385 1875 ma-

231 1918 305 2002 jore
337 1935 434 2001 opere
466 1933 555 1994 meo,
582 1934 647 1998 quo
675 1911 909 1999 supplementa
935 1915 979 1979 ad
1004 1916 1197 1981 Schneideri
1222 1915 1385 1978 Lexicon

235 2019 494 2095 continerentur,
520 2022 629 2077 actum
657 2022 718 2078 est.
770 2013 903 2078 Crebris
931 2018 1018 2080 enim
1046 2016 1238 2081 Schneideri
1265 2014 1385 2078 literis

235 2117 360 2183 moveri
380 2137 432 2178 me
451 2135 568 2201 passus
590 2137 677 2197 sum,
700 2124 738 2178 ut
756 2123 859 2179 totum
885 2126 1092 2203 apparatum,
1116 2119 1247 2182 omissis
1268 2117 1385 2180 omni-

128 2250 139 2273 ·
235 2220 298 2284 bus
320 2215 516 2282 excursibus
538 2238 559 2280 a
579 2237 631 2279 me
652 2217 808 2298 intextis,
837 2217 948 2282 verbis
970 2219 1177 2283 Germanicis
1205 2217 1385 2282 describe-

235 2342 304 2385 rem
323 2328 355 2383 et
374 2340 447 2409 cupi
470 2340 524 2400 eo,
550 2319 686 2382 tertium
713 2317 814 2382 lexici
837 2317 1006 2403 volumen,
1039 2319 1285 2406 Supplementa,
1316 2340 1386 2404 pa-

234 2430 327 2485 rante
350 2420 657 2484 communicaremf‘
676 2458 720 2467 —
741 2418 840 2502 „Jam
862 2442 966 2506 usque
989 2420 1031 2484 ad
1057 2421 1105 2487 lit.
1129 2428 1167 2484 Ε.
1190 2422 1225 2484 in
1248 2421 1300 2484 his
1324 2443 1385 2484 re-

235 2521 417 2587 tractandis
440 2542 634 2607 progressus
657 2543 746 2602 sum,
767 2530 800 2584 ct
821 2530 947 2608 partem
969 2521 1053 2585 hanc
1074 2524 1228 2608 primam,
1246 2522 1279 2585 in
1306 2545 1385 2610 qua

236 2624 310 2711 plus
344 2622 553 2708 septingenta
583 2621 759 2704 vocabula,
792 2645 876 2708 quae
907 2622 1014 2686 adhuc
1046 2623 1286 2705 desiderantur,
1323 2626 1385 2688 in·
1441 2659 1442 2676 1

238 2731 331 2806 sunt,
360 2745 419 2809 per
452 2722 617 2807 proximos
650 2706 800 2787 cursores
827 2723 976 2810 publicos
1003 2722 1202 2789 Schneidero
1231 2725 1384 2788 mittam.

236 2826 407 2910 Parcrgis,
431 2845 514 2911 quae
531 2824 602 2908 jam
629 2825 739 2890 verbis
759 2825 889 2890 Latinis
911 2823 1092 2908 elaboravi,
1113 2823 1210 2889 aliam
1232 2824 1384 2888 formam

235 2929 385 3009 induam,
421 2935 556 3011 tumque
590 2948 629 2989 ea
660 2925 780 2992 Wolfio
806 2926 975 2991 Analectis
1010 2926 1164 2992 litorariis
1196 2925 1385 2989 inserenda

235 3032 378 3111 mittam,
399 3027 442 3091 ad
463 3049 547 3113 quae
572 3037 609 3091 ut
632 3028 813 3113 symbolam
834 3028 1031 3111 conferrem,
1060 3051 1111 3092 me
1133 3028 1292 3092 10001ιίῑέί
1328 3028 1382 3091 Α.

237 3133 329 3194 1820.
372 3129 464 3191 Haec
485 3138 642 3215 excerpta
668 3129 819 3193 absoluta
838 3129 1036 3194 Schneidero
1057 3128 1209 3210 tradidit,
1228 3135 1383 3213 suntque
1439 3196 1440 3205 χ

155 3269 160 3275 -
235 3253 275 3294 ea
296 3237 383 3294 certe
404 3230 547 3292 maximo
574 3230 684 3294 decori
710 3231 762 3293 his
786 3228 1038 3317 Supplementis.
1080 3229 1204 3294 Verum
1230 3250 1385 3315 parerga
1439 3208 1440 3293 l

235 3334 300 3395 ista
311 3378 320 3412 ,
341 3351 478 3415 quorum
497 3351 574 3415 pars
595 3329 777 3413 elaborata,
799 3353 875 3418 pars
897 3329 992 3393 modo
1008 3330 1159 3395 inchoata
1181 3333 1216 3395 in
1238 3332 1383 3395 scriniis

236 3439 360 3512 exstat,
384 3452 552 3518 nunquam
572 3432 731 3496 adfinem
755 3434 905 3497 adduxit.
951 3429 1090 3494 Videtur
1118 3454 1191 3497 eum
1211 3433 1280 3518 jam
1304 3443 1382 3498 tae·

236 3534 346 3598 duisse
369 3534 495 3618 operis,
518 3533 613 3619 cujus
635 3542 761 3620 partem
781 3533 980 3600 Schneidcro
1000 3533 1197 3617 tradiderat,
1221 3543 1253 3597 et
1279 3543 1380 3619 post-
1437 3584 1440 3661 ,

235 3656 333 3720 quam
353 3656 395 3698 ex
417 3656 455 3699 eo
476 3634 546 3697 fere
565 3633 608 3698 ad
629 3635 767 3699 verbum
788 3635 898 3698 hausit
919 3645 1159 3721 programmata
1186 3634 1280 3697 VIII.
1304 3633 1377 3696 IX.
1437 3708 1438 3717 χ

234 3736 297 3801 ΧΙ.
327 3735 407 3800 XII.
433 3734 545 3798 XVII.
570 3734 699 3800 XVIII.
730 3736 848 3820 XIX,
867 3736 990 3801 relictis
1009 3736 1060 3801 his
1082 3736 1198 3819 rebus,
1220 3735 1262 3798 ad
1284 3730 1379 3794 alias

235 3860 269 3901 se
292 3840 463 3904 convertit.

266 3962 271 3969 ’
319 3940 394 4004 Etsi
420 3939 535 4026 primis
564 3939 659 4004 annis
683 3940 802 4006 Struve
836 3962 970 4006 munere
1007 3963 1065 4005 suo
1090 3943 1257 4007 contentus
1290 3950 1376 3994 esse

233 4051 361 4128 poterat
382 4050 416 4105 et
439 4051 526 4104 certe
546 4049 625 4122 orat,
646 4043 724 4125 quia
743 4051 873 4127 praeter
890 4043 1070 4107 secundum
1082 4034 1269 4119 diligentiae
1285 4052 1376 4095 suae

232 4151 386 4207 eventum
402 4141 552 4227 jucunda
572 4140 697 4227 aliquot
722 4145 899 4207 amicorum
922 4141 1155 4207 consuetudine
1183 4142 1216 4196 et
1238 4153 1377 4195 summa

232 4230 491 4325 praepositorum
513 4250 547 4305 et
567 4243 690 4306 civium
709 4243 774 4306 fide
794 4245 975 4328 gaudebat,
996 4252 1103 4305 tamen
1128 4233 1287 4321 paulatim
1313 4233 1376 4296 de-

234 4337 389 4401 ciderim
418 4345 595 4422 succrevit,
626 4350 662 4404 ut
687 4342 748 4405 hoc
776 4344 1004 4407 scholasticum
1031 4359 1148 4402 munus
1177 4334 1376 4399 academico

233 4441 383 4496 mutaret.
433 4436 611 4518 Fatigabat
637 4448 670 4502 et
694 4441 897 4525 deprimebat
924 4442 1068 4504 animum
1092 4436 1164 4520 ejus
1194 4435 1312 4497 vivum
1335 4443 1378 4497 et
1435 4454 1436 4473 ³
