2884 5184
279 456 319 519 72
615 460 810 508 OBACULA
832 459 1067 506 SIBYLLINA

279 640 412 699 lectione
431 637 652 717 Sibyllinorum
672 635 838 695 convenire
865 632 1048 712 Opsopacus
1070 642 1166 693 notat.
1208 635 1284 695 Idem
1307 638 1389 694 tacite

281 762 320 800 ex
348 761 402 798 suo
424 739 578 798 Lactantii
602 737 708 798 codice
731 744 762 794 et
782 734 964 793 anctoritate
987 732 1128 812 Sibyllae
1152 736 1212 793 alio
1232 736 1261 794 in
1278 736 1347 794 loco
1369 738 1388 792 l.

279 863 309 898 v.
337 838 409 898 357.
437 830 543 915 ἰχθύος
569 836 709 898 clauom
737 836 869 914 scripsit.
919 835 1001 893 Nam
1024 836 1098 895 edit.
1124 837 1141 895 Ι
1170 845 1200 895 et
1226 837 1257 895 Π
1281 838 1341 895 hoc
1366 839 1390 894 in

280 962 371 1001 versu
393 942 493 999 manci
509 949 594 1013 sunt,
614 938 784 1016 ἰχθναλιοῑο
804 935 985 995 scribentes.
1031 934 1155 996 Codicis
1175 937 1391 1014 Regiomontani

280 1044 429 1122 scriptura
445 1040 603 1121 Opaopaei
625 1040 789 1098 lectionem
812 1037 986 1111 confirmat3
1011 1037 1389 1115 ektaptmnarrallentokair

281 1137 1382 1220 doccinadioioanapornxoiaittaacencprrnoollentekopecccikaitallepie

282 1239 1379 1319 cicutanabornuotakaacsatalltaataauaelrallanpnceikocbifloyceicn

281 1345 471 1416 callistum,
495 1344 526 1401 h.
548 1363 575 1402 c.

410 1464 442 1502 ιιι
463 1465 479 1501 τ
499 1465 598 1521 αριον
619 1464 680 1518 αμα
701 1459 787 1499 πενιε
809 1461 847 1498 aa
871 1443 957 1515 ιχθος
977 1443 1121 1501 cavatam

413 1544 533 1622 ανδρων
551 1540 697 1621 χειλιαδας
719 1560 752 1599 εν
772 1561 870 1619 ερημοι
891 1559 976 1599 πεντε
996 1558 1128 1618 κορεσσει

410 1667 462 1705 ιιαι
478 1666 514 1703 τα
534 1659 717 1721 περισειοντα
740 1641 842 1719 δοβσον
865 1661 936 1717 μετα
958 1645 1110 1718 ιιλασμαια
1128 1663 1241 1703 πιανια
1407 1668 1409 1743 χ

409 1746 522 1822 δμίειια
541 1747 687 1822 πληρωσει
709 1762 852 1818 ιιοφινοος
874 1762 914 1813 εις
935 1765 955 1819 ιχ
975 1743 1058 1803 elaad
1079 1748 1169 1806 λαον.
1407 1758 1409 1827 χ

284 1866 492 1924 Observamns
520 1865 550 1921 h.
578 1862 599 1920 l.
626 1861 759 1920 rariores
789 1860 936 1940 quasdam
962 1863 1119 1922 literarum
1147 1864 1352 1932 confusiones,
1375 1840 1409 1915 ll

243 1993 266 2032 a
286 1987 342 2046 pro
362 1986 400 2039 οι,
428 1986 448 2024 n
468 1986 524 2044 pro
547 1986 585 2037 οι,
609 1983 631 2022 ιι
652 1983 707 2041 pro
726 1983 760 2037 η,
789 1981 812 2019 n
829 1983 884 2041 pro
904 1964 958 2037 tn,
986 1965 1134 2046 aliasque.
1179 1965 1324 2024 Abundat
1345 1963 1409 2019 rin*

283 2087 410 2139 πταντα,
440 2074 470 2125 et
491 2087 511 2141 η
532 2073 604 2123 ante
625 2061 717 2123 ελπιδ.
765 2061 828 2121 Sed
851 2072 958 2142 aperte
976 2074 1079 2127 tamen
1096 2075 1192 2126 totum
1211 2067 1311 2125 locum
1331 2062 1389 2142 apud

284 2168 478 2227 Lactantium
495 2167 539 2225 sic
562 2162 808 2225 constituendum
829 2165 915 2224 iubet
938 2166 1051 2227 codex:

412 2265 446 2328 ἰιι
467 2261 494 2327 ι’
517 2258 615 2346 ύριων
636 2257 697 2342 ἅμα
714 2246 801 2323 nivel
822 2262 873 2323 nol
894 2259 999 2342 ἰχθύος
1020 2266 1157 2327 electiora

338 2396 341 2403 ·
413 2360 535 2448 ἀνδρῶν
556 2360 688 2444 χιλιάδας
709 2363 742 2424 ἕν
763 2358 862 2447 ἐρήμῳ
880 2364 966 2426 πέντε
988 2364 1118 2447 κορέσσει

413 2467 464 2528 καί
484 2458 520 2528 col
542 2457 753 2545 περισσεύοντα
774 2457 875 2545 λαβὸν
895 2458 967 2544 μετὰ
988 2461 1142 2546 κλάσματα
1160 2463 1258 2531 πάντα

411 2563 528 2629 δώδεκα
544 2563 690 2643 πληρώσει
712 2566 855 2644 κοφίνους
876 2566 916 2640 εἰς
936 2566 1040 2630 ἐλπίδα
1061 2574 1149 2631 λαῶν.

283 2690 403 2747 Primus
420 2708 494 2746 vero
516 2707 641 2759 versus,
666 2695 699 2744 ut
719 2687 816 2746 libere
835 2692 1016 2748 sententiam
1037 2713 1135 2751 meam
1157 2692 1324 2771 proferam,
1346 2705 1388 2745 nn·

283 2798 365 2849 tatus
386 2810 405 2848 a
427 2787 559 2869 quodam
579 2787 700 2848 videtur
723 2789 754 2846 in
776 2789 909 2866 vulgatis
925 2792 1080 2852 Lactantii
1096 2793 1336 2872 exemplaribus,
1355 2785 1389 2865 qul

285 2891 464 2963 verebatur,
486 2910 526 2948 ne
545 2890 724 2968 singularis,
748 2883 869 2966 ἰχθύος,
896 2890 934 2951 de
952 2914 1012 2953 uno
1027 2896 1113 2973 pisce
1129 2895 1320 2964 intellectus,
1340 2886 1388 2948 fidei

284 3012 390 3053 sacrae
423 2994 592 3071 scripturae
622 2992 794 3069 abrogaret.
839 2991 943 3072 Atque
968 2995 1039 3054 hinc
1066 3017 1188 3077 quoque
1209 2996 1342 3075 profecta
1359 3000 1387 3046 est

284 3094 495 3172 interpretatio
523 3093 635 3163 latina,
664 3112 756 3172 quam
780 3092 879 3153 codex
906 3104 1011 3154 noster
1039 3097 1147 3156 habet:
1178 3106 1224 3169 „et
1244 3101 1279 3155 de
1295 3093 1388 3171 pondu

283 3198 403 3265 quinque
428 3195 510 3250 simul
536 3199 561 3248 et
582 3195 705 3263 pacione
736 3199 851 3252 monaca
872 3197 1011 3253 bominum
1030 3202 1115 3256 millio
1137 3204 1166 3256 r'n
1188 3217 1280 3258 eremo
1302 3199 1387 3272 qmnqtl

283 3294 418 3348 saturabit
443 3300 469 3348 et
492 3294 611 3347 collectis
637 3297 761 3366 reliquias
783 3298 955 3371 fragminum
984 3303 1103 3356 omnium
1130 3303 1273 3358 derodecim
1305 3293 1387 3370 ropltll

285 3387 371 3466 (nota
393 3390 543 3450 varietate
566 3399 704 3450 saturarat
728 3403 758 3454 et
779 3401 897 3471 repleuit
919 3399 1012 3459 habet
1032 3399 1144 3478 codex)
1168 3402 1386 3474 cophinorum

280 3493 479 3563 populorum.“

731 3630 829 3690 raro.
860 3629 890 3707 §-
916 3594 965 3690 σιξ

369 3763 475 3833 „Quia
509 3765 583 3836 quod
611 3765 706 3820 eadem
735 3767 856 3839 Sibyllae
884 3773 1053 3828 carminibus
1082 3777 1139 3829 suis
1166 3782 1232 3829 ante
1260 3768 1403 3828 domarat

284 3881 403 3937 quorum
430 3882 502 3932 uno,
535 3868 613 3922 cuius
633 3882 724 3939 supro
744 3871 848 3943 (supra
867 3866 956 3928 deest
976 3872 1009 3929 in
1032 3871 1067 3930 Ο.
1089 3871 1141 3950 R.)
1166 3877 1288 3947 fecimus
1309 3865 1386 3926 mab*

284 3981 360 4034 nem,
382 3968 423 4021 sie
443 3969 496 4020 ait:
1401 4030 1402 4039 ,

410 4055 479 4137 τούς
500 4056 627 4140 ἀνέμους
648 4061 807 4129 παύσατε
829 4061 908 4151 λόγῳ
928 4062 1050 4148 σιρύσει
1071 4068 1104 4130 δὲ
1123 4064 1285 4162 θάλασσαν

409 4162 589 4243 μαινομένην
610 4164 698 4227 ποσὶν
717 4161 835 4247 εἰρήνης
856 4169 950 4231 πίστει
971 4191 1001 4231 τε
1022 4164 1188 4249 πατήσας.“

281 4264 386 4322 Multis
416 4266 534 4326 mendis
561 4269 721 4349 inquinata
751 4282 822 4331 sunt
840 4274 918 4333 haec
940 4274 1036 4333 verba
1058 4276 1091 4333 in
1112 4276 1249 4354 antiquis
1274 4266 1382 4335 editioni·

281 4362 353 4436 bus3
381 4366 513 4425 sufficiat
533 4378 567 4427 ut
588 4374 760 4447 specimen,
783 4376 964 4453 scripturam
984 4374 1126 4434 editionis
1147 4375 1177 4434 A
1199 4377 1323 4448 afferre,
1339 4385 1381 4433 τους

283 4478 413 4534 αηεμοοσ
432 4480 537 4524 παυσει
552 4471 644 4543 loyes
657 4489 759 4549 τρωσει
773 4474 959 4537 δαταλασσον
975 4496 1157 4553 μαινομενην
1171 4493 1223 4536 reo
1241 4498 1287 4536 ινε
1301 4479 1381 4555 oport
1399 4478 1400 4485 ἰ
