2884 5184
311 464 371 526 150
648 468 912 516 FRAGMENTA
933 469 1100 518 GRAECA

314 651 390 708 Uada
409 652 440 706 ia
456 646 618 723 postona
639 643 754 701 &asoa
774 644 936 714 ompturio,
956 662 1029 717 puae
1050 649 1123 704 molo
1144 649 1179 703 de
1196 649 1370 704 Hebraicis

305 756 434 826 prelatas
447 754 527 817 sant,
542 734 724 822 dissuasionis,
741 744 771 799 id
783 748 824 799 est
836 748 972 814 unptoento
987 755 1097 805 creatos
1113 747 1231 825 (codex
1249 748 1382 824 Region

310 859 346 911 ut
360 848 521 910 Gothanus
533 845 859 927 apudBunomannum
874 849 973 900 unctus
993 860 1177 908 nasunsnoo
1197 854 1218 905 i.
1240 867 1270 906 e.
1294 838 1382 923 ἦλιμρ

310 956 445 1027 scriptum
459 952 596 1009 hiventiur
609 932 669 1005 dud
680 944 734 1003 τθῦ
744 932 920 1019 ἆλίίφῑσθαι
931 947 980 1014 (ab
992 952 1137 1019 unquentis
1148 950 1382 1027 moyoffleieh

312 1059 331 1116 t.
351 1070 376 1112 e.
395 1069 455 1110 aao
471 1068 528 1109 ooo
548 1048 726 1122 αλειφεσθαι
748 1045 816 1105 eod.
835 1043 959 1123 Reg.).“

395 1155 528 1213 Versum
542 1147 740 1209 Homericum
761 1144 854 1225 paulo
875 1145 966 1205 aliter
980 1146 1013 1204 in
1027 1145 1104 1224 ipsis
1119 1145 1257 1207 Homeri
1276 1152 1381 1208 carmi

313 1243 415 1334 (Iliad.
438 1274 476 1326 ω,
497 1249 569 1311 587.
593 1247 707 1328 Odyss.
726 1246 760 1322 d,
782 1243 834 1305 49.
857 1248 897 1319 θ,
920 1244 1007 1324 454.)
1029 1245 1094 1324 legi
1112 1249 1236 1306 notavit
1264 1249 1382 1310 Cellar

398 1344 450 1414 τὸν
478 1344 561 1424 (τοὺς
579 1350 694 1430 Odyss.
725 1347 761 1423 d,
786 1345 841 1424 49)
871 1335 901 1404 d'
925 1342 987 1405 ἕπελ
1012 1331 1068 1407 οὖν
1095 1344 1193 1423 δμωαὶ
1214 1357 1285 1408 etc.
1337 1352 1381 1411 Se

314 1467 405 1537 copta
424 1455 580 1516 Laetantii
604 1452 697 1513 leutio
727 1447 893 1510 notioribus
915 1447 1084 1508 editoribus
1106 1449 1250 1509 debetur.
1305 1449 1382 1509 Edit

314 1569 437 1621 veteres
455 1577 518 1617 non
539 1543 648 1625 αὐτοὺς
668 1553 798 1624 habent,
825 1549 880 1610 sed
903 1558 957 1608 aut
975 1539 1041 1623 τὸν,
1067 1559 1102 1609 ut
1125 1551 1170 1624 A,
1197 1562 1258 1611 aut
1280 1541 1382 1621 τοὺςἸ

316 1661 352 1721 Ο.
389 1661 584 1719 Immututum
605 1664 654 1716 ost
674 1654 712 1713 ob
735 1661 880 1726 metrum,
911 1653 1055 1733 quoniam
1072 1651 1196 1730 syllaba
1215 1654 1337 1713 versui
1360 1653 1381 1712 d

314 1761 486 1822 videbatur.
531 1755 594 1817 Sed
610 1756 691 1817 bone
714 1754 790 1815 cod.
812 1755 891 1832 Reg.
913 1752 1381 1835 toyaessoioysauoaaoyoank

316 1858 485 1921 seaneaaio
503 1857 524 1915 i.
548 1877 575 1917 o.

481 1976 534 2015 τσν
556 1955 575 2014 d
594 1972 659 2015 euos
680 1975 737 2016 ονν
757 1955 833 2033 dans
855 1958 967 2017 λονσαν
987 1976 1037 2014 και
1054 1972 1172 2036 χρεισαν
1188 1959 1296 2017 ελαιω.

316 2058 519 2121 Reddendum
539 2058 645 2138 itaquo
666 2057 829 2117 Lactantio

609 2146 678 2229 τοὺς
701 2145 732 2215 δ’
751 2152 812 2216 ἐπεὶ
833 2141 890 2217 odo
910 2178 939 2216 κ.
960 2179 984 2217 r.
1007 2160 1032 2216 λ.

315 2258 428 2321 Verbis
444 2257 573 2320 Graecis
594 2259 627 2317 in
648 2259 754 2318 codiee
775 2268 879 2319 nostro
893 2259 1096 2338 praemittitur
1113 2259 1228 2318 Latina
1242 2262 1382 2338 intorpre

315 2361 348 2420 in
375 2358 441 2420 ood.
472 2359 567 2437 Rog„
600 2380 680 2440 quae
707 2360 766 2419 hoo
792 2359 861 2419 loco
889 2361 933 2419 ita
956 2360 1066 2419 mirum
1093 2360 1126 2418 in
1154 2359 1283 2420 modum
1313 2381 1333 2418 a
1358 2381 1382 2417 v·

318 2459 447 2521 Graecis
477 2459 646 2538 discrepat,
672 2467 721 2532 ut,
748 2459 822 2540 quid
849 2460 1001 2539 interpres
1031 2461 1146 2539 legisse
1174 2461 1342 2534 videatur,
1368 2481 1382 2516 n

316 2560 410 2619 facile
431 2568 628 2639 assequatur:
656 2578 725 2634 quos
747 2566 871 2637 propitio
898 2565 1014 2620 bonitate
1033 2570 1178 2621 unxerunt
1197 2566 1267 2621 oleo.
1317 2561 1382 2620 Oete

318 2660 356 2721 de
383 2661 481 2720 forma
508 2649 679 2736 η’λειμμένος
704 2670 736 2721 et
754 2650 912 2738 ἠλιμμλνος
938 2662 977 2722 ef.
1000 2682 1081 2742 quae
1104 2662 1238 2723 diximus
1264 2662 1307 2723 ad
1327 2663 1382 2721 Lu(

319 2760 440 2840 Gatapl.
464 2781 490 2822 o.
515 2757 565 2820 24.
586 2761 620 2820 in
637 2761 726 2822 Miso.
749 2761 836 2822 Oria.
858 2762 897 2820 Τ.
918 2761 961 2821 Π.
984 2782 1015 2841 p.
1038 2758 1110 2822 226.

655 2931 726 2989 L1n.
746 2928 801 2989 IV.
832 2947 903 2989 css.
925 2925 979 2989 1'3.-
997 2928 1028 3006 §-
1054 2930 1103 2988 11.

293 3061 296 3067 ’
402 3065 574 3139 „Propterea
600 3065 726 3123 Milesius
752 3066 849 3138 Apollo
882 3067 1021 3122 conmittis
1052 3063 1147 3143 (cons.
1177 3064 1268 3125 deest
1290 3066 1322 3124 in
1346 3084 1368 3120 e.

317 3173 445 3227 utrumne
465 3174 532 3227 deus
553 3185 591 3223 aa
611 3168 691 3225 bomo
708 3166 806 3239 fuerit,
829 3168 882 3223 boo
896 3168 975 3223 modo
989 3169 1131 3240 respondit
1143 3169 1334 3239 (respondebit
1347 3184 1382 3221 o..

483 3253 594 3340 θνητὸς
612 3260 664 3339 ἔην
681 3253 757 3321 κατὰ
779 3258 875 3350 σάρκα
897 3261 989 3343 σοφὸς
1008 3259 1202 3343 τερατώδεσιν
1221 3263 1332 3346 ἔργοις,

485 3351 551 3422 ἄλλ’
576 3349 635 3423 ὑπὸ
653 3362 816 3424 Χαλδαίων
839 3369 948 3445 κριτῶν
968 3358 1069 3438 ὅπλοις
1088 3364 1276 3439 σνναλωθελς

481 3455 608 3542 γόμφοις
626 3458 677 3521 καὶ
699 3458 874 3527 σκολόπεσσι
892 3456 1003 3545 πικρὴν
1027 3457 1166 3544 dotrinae
1185 3459 1349 3544 τελευτήν.Ικ

402 3566 574 3626 Ττσησλιιλίλ
591 3566 663 3626 hino
684 3565 741 3627 hos
762 3590 871 3629 versus
888 3567 1071 3648 Opsopaous
1093 3570 1126 3628 in
1149 3569 1354 3630 collectionem
1372 3582 1382 3618 c

317 3670 453 3732 culorum
475 3668 678 3741 Graecorum,
706 3668 746 3728 ad
768 3668 884 3729 calcem
907 3667 1126 3747 Sibyllinorum
1147 3692 1219 3750 pag.
1241 3669 1271 3730 6.
1294 3670 1366 3748 (μσς.

317 3768 414 3849 Gall.)
441 3770 506 3830 sino
533 3769 674 3829 lectionis
695 3770 856 3829 varietate.
901 3770 1013 3850 Neque
1032 3774 1064 3830 in
1086 3772 1272 3832 editionibus
1294 3763 1382 3829 veteri

317 3873 480 3954 quiequam
494 3892 513 3929 a
527 3871 661 3930 lectione
676 3853 804 3948 recepta
820 3870 991 3950 discrepat,
1013 3873 1075 3932 nisi
1092 3872 1174 3953 quod
1199 3873 1272 3933 edit.
1289 3871 1316 3930 Α
1333 3871 1382 3926 red

316 3973 445 4051 praebet
469 3960 626 4047 ἀνέπλησε,
655 3970 737 4050 quod
764 3971 956 4031 confirmatur
985 3973 1023 4032 ab
1052 3976 1304 4055 interpretatione
1323 3967 1382 4031 Lati

317 4074 449 4154 quaein
473 4072 611 4132 omnibus
629 4071 785 4131 veteribus
808 4072 993 4133 editionibus
1016 4086 1187 4155 comparet,
1216 4094 1337 4136 amoram
1354 4072 1382 4143 fit

316 4172 505 4252 complevit*).
549 4172 665 4232 Verum
695 4181 765 4231 sunt
792 4182 954 4250 praeterea
981 4176 1071 4255 plura
1099 4178 1131 4235 in
1157 4188 1283 4258 rooopta
1303 4170 1382 4235 lectio

316 4294 397 4353 quae
430 4276 504 4334 ferri
532 4281 698 4352 nequeunt.
751 4273 832 4331 Nam
864 4276 973 4352 κριτῶν
1002 4277 1131 4355 primam
1161 4299 1282 4358 sempor
1311 4268 1382 4342 corti}

401 4485 428 4554 ²¹²>
446 4485 550 4539 Eadem
567 4488 758 4554 interpretatio
778 4496 868 4542 exstat
885 4493 914 4544 iu
931 4494 1010 4546 oodd.
1029 4496 1061 4546 R.
1083 4499 1110 4547 et
1127 4460 1246 4548 Vratisli
