2884 5184
260 414 320 476 106
598 423 797 472 obscura
818 423 1056 472 srnrnmrn

343 601 420 660 Cum
443 601 625 680 Opsopoeus
654 599 693 659 de
720 607 836 660 mutata
863 599 996 657 lectione
1020 605 1136 667 taceat,
1163 597 1242 654 nihil
1269 596 1389 655 definire

257 723 395 783 possum,
417 703 499 761 uude
520 702 612 761 lectio
635 702 789 761 Laetantii
808 703 840 759 in
868 707 986 758 textum
1014 696 1239 775 Sibyllinorum
1265 701 1389 758 venerit.

258 804 368 882 Neque
392 805 488 881 magis
516 804 590 863 mihi
615 812 714 882 patet,
741 802 822 862 unde
848 799 983 875 Betuleji
1006 807 1095 871 nota,
1123 818 1217 877 quam
1248 798 1391 858 Gallaeus

258 924 333 963 suae
356 904 481 963 editioni
504 905 646 977 inseruit,
675 913 823 982 excerpta
847 902 895 960 sit.
944 901 995 958 Ex
1021 897 1154 957 editione
1184 902 1270 959 enim
1296 902 1389 979 Sibyl-

257 1007 386 1065 linorum
406 1026 466 1064 non
487 1007 586 1081 venit3
609 1006 640 1063 in
663 1003 818 1063 Laetantii
839 1022 913 1060 vero
935 999 1083 1071 editione,
1113 1020 1204 1079 quam
1233 1001 1391 1079 Betnlejns

259 1108 391 1180 curavit,
413 1107 562 1183 ejusmodi
582 1117 656 1165 nota
676 1106 776 1164 locum
799 1103 913 1161 habere
938 1121 1000 1159 non
1024 1102 1132 1179 potuit.
1176 1103 1390 1181 interpretatio

258 1209 385 1281 Latina,
407 1228 487 1287 quae
508 1210 540 1267 in
562 1207 651 1266 editis
674 1205 828 1264 Lactantii
850 1201 1077 1281 exemplaribus
1101 1211 1218 1275 exstat,
1243 1203 1389 1262 confusio·

258 1329 327 1367 nem
346 1309 426 1368 hano
446 1311 539 1368 etiam
561 1316 667 1386 auget:
698 1309 741 1363 Ne
768 1306 842 1377 sorte
868 1308 957 1361 botas
982 1307 1196 1378 incorruptibile
1223 1308 1297 1361 decu
1323 1325 1391 1361 omne

257 1429 344 1485 uenat
359 1414 497 1470 bominum
514 1413 629 1484 perdat,
653 1414 733 1467 vitam
761 1408 882 1462 tritomo
904 1407 1072 1479 improbam.-
1094 1414 1201 1478 oportet
1227 1411 1304 1463 enim
1323 1412 1388 1480 yeni-

258 1519 345 1572 torem
369 1516 448 1570 deam
469 1515 574 1579 amari,
598 1516 646 1586 qai
659 1514 761 1585 plenas
780 1514 821 1564 est
848 1515 874 1562 et
898 1508 1021 1577 sapiens.
1066 1505 1129 1564 Sed
1152 1527 1300 1586 cumpro
1321 1513 1389 1564 odam

260 1617 381 1671 tribuens
402 1615 553 1687 taprobam
576 1611 675 1670 codex
687 1609 948 1686 Regiomontanus
965 1605 1078 1665 habeat
1099 1612 1181 1664 αἰανι
1205 1612 1337 1665 tributam
1348 1612 1388 1663 im-

256 1718 383 1790 probam,
404 1712 475 1771 vide
497 1732 536 1770 ne
559 1711 666 1783 fuerit,
688 1715 770 1768 νίιαηι
787 1712 939 1781 tribumque
956 1710 1116 1782 improbam,
1138 1709 1222 1788 quod
1242 1710 1389 1786 vulgatam

260 1816 422 1874 lectionem
442 1833 566 1893 prorsus
585 1812 752 1871 confirmat.

713 1980 812 2039 ruia.
837 1979 867 2056 §-
894 1978 941 2038 12.

343 2105 459 2176 „Apollo
486 2101 609 2156 Milesias
644 2102 678 2155 de
710 2102 882 2158 lardaeoram
914 2102 1044 2173 reltyioae
1074 2103 1231 2169 consulto,
1266 2115 1389 2172 responso

259 2208 312 2263 boe
333 2202 416 2282 (baec
437 2200 504 2260 eod.
529 2199 620 2276 Reg.)
649 2204 761 2257 indidit:

425 2292 478 2378 ἠδὲ
500 2288 574 2358 θεὸν
595 2300 723 2377 βασιλῆα
742 2295 793 2357 καὶ
814 2301 979 2379 γεννητῆρα
998 2289 1055 2378 πρὸ
1077 2290 1208 2375 πάντων,

422 2390 459 2460 dv
479 2392 611 2478 roduntur
631 2396 682 2458 aad
697 2403 770 2478 γαῖα
792 2397 842 2458 καὶ
864 2389 991 2479 οὐρανὸς
1006 2388 1059 2476 ἠδὲ
1080 2394 1231 2475 θάλασσα,

425 2492 580 2578 ταρτάρεοί
603 2520 633 2558 τε
654 2497 741 2576 μυχοὶ
762 2496 812 2558 καὶ
834 2499 970 2575 δαίμονες
992 2498 1229 2579 ἕκφρίττουσιν.“

261 2606 313 2663 sic
334 2604 390 2660 hos
411 2621 519 2659 versus
546 2601 619 2658 eitat
648 2601 714 2679 jam
740 2601 914 2678 Betulejus,
942 2604 995 2682 qui
1020 2623 1073 2661 eos
1101 2604 1205 2661 neseio
1236 2621 1292 2659 our
1320 2603 1387 2658 inter

258 2706 430 2779 fragmenta
452 2699 671 2779 Sibyllinorum
693 2703 807 2760 retulit.
850 2704 887 2761 In
914 2704 1069 2762 veteribus
1098 2702 1285 2762 editionibus
1313 2701 1387 2759 deest

261 2801 311 2863 καὶ
333 2812 404 2862 aute
426 2804 511 2880 γαῖα;
533 2811 595 2861 tum
614 2802 726 2879 legitur
752 2799 853 2879 ἕκνηδε
877 2794 1018 2862 θάλασσα
1044 2805 1075 2861 in
1100 2803 1135 2876 O,
1164 2793 1387 2881 ἆποφρίττονσιν

260 2908 290 2965 in
310 2906 348 2978 A,
369 2893 558 2983 ὄφρίτνουσιν
584 2903 616 2961 in
640 2902 674 2961 O.
718 2904 782 2962 vix
810 2905 841 2962 in
871 2904 973 2964 verbis
1001 2906 1160 2984 quisquam
1189 2906 1321 2963 haerere
1346 2904 1385 2961 hic

259 3015 369 3087 potest.
415 3003 561 3083 Suspicor
586 3013 689 3062 tamen
725 3005 820 3064 fuisse
847 2996 1006 3068 videderit>
1030 3028 1058 3064 a.
1087 3027 1110 3068 τ.
1142 3008 1167 3063 t.
1199 3006 1330 3064 relatum
1354 3003 1385 3060 ad

260 3116 382 3184 gentem
404 3104 604 3164 Judaeorum.
648 3106 865 3184 Interpretatio
886 3109 999 3166 Latina
1012 3109 1090 3167 haee
1106 3116 1169 3166 est:
1191 3125 1284 3182 reyem
1307 3116 1384 3164 autem

260 3217 287 3263 et
304 3212 454 3281 aenitorem
467 3213 530 3261 ante
551 3209 658 3261 omnia:
680 3224 760 3278 qaem
780 3218 857 3266 terra
876 3214 1072 3281 contraaiseit,
1084 3214 1242 3283 coelumque
1256 3219 1284 3267 et
1303 3225 1384 3268 morer

262 3316 288 3363 et
307 3307 429 3362 latebrae
450 3310 592 3360 tartareae
613 3311 639 3361 et
659 3307 807 3366 daemones
827 3313 1037 3369 abhorrescant.

734 3501 936 3512 ——--—

501 3694 531 3751 4.
572 3686 825 3752 ORAOULA
852 3687 1152 3753 SIBYLLINA.

344 3825 470 3880 Prooem.
493 3843 524 3880 v.
546 3822 597 3880 44.
619 3811 717 3898 ὀὔρεά
737 3809 859 3896 θ’ὖψὴ
866 3840 950 3879 εντα
972 3810 1084 3880 divana
1102 3814 1231 3898 χεύματα
1251 3823 1356 3899 πηγῶν.

257 3920 455 4001 Opsopaeus‚
473 3923 525 4002 qui
544 3912 669 3998 ὑλήεντα
688 3920 842 3992 voluerat,
866 3941 1000 3982 errorem
1022 3924 1090 4002 ipse
1110 3925 1257 3999 retraxit;
1281 3922 1379 3981 editum

258 4032 306 4082 est
329 4025 493 4084 etiamnum
514 4012 656 4099 ὑλήεντας
680 4021 719 4081 of.
745 4018 774 4079 3.
798 4041 828 4080 v.
852 4022 924 4080 777.

423 4114 512 4200 οὔρεά
533 4112 744 4197 θ’ὖψήεντα
765 4119 817 4180 καὶ
837 4114 928 4201 ἄγρια
949 4113 1066 4198 κύματα
1086 4114 1206 4182 πόντον.

256 4244 287 4281 v.
311 4221 362 4280 46.
387 4213 491 4300 ἑρπετὰ
514 4218 546 4281 δὲ
565 4221 651 4301 γαίης
672 4215 832 4298 κινούμενα
852 4227 1092 4300 ψυχοτροφεῖ
1107 4242 1141 4280 τε

188 4355 191 4361 -
257 4322 450 4380 scribendum
483 4323 522 4382 de
553 4324 623 4381 Deo
652 4343 783 4395 summo,
815 4326 946 4383 omnium
980 4311 1081 4384 rerum
1114 4335 1262 4384 creatore.
1308 4324 1376 4382 Hine

259 4419 379 4494 Sibylla
402 4419 433 4477 5.
453 4441 484 4477 v.
505 4419 584 4478 499:
