2884 5184
307 493 885 542 APUDLAGTANTIUMOBVIA.
1029 454 1033 464 ⁵
1119 485 1159 545 59

31 667 142 727 Lucian.
158 666 301 725 Demon.
325 687 351 724 c.
367 666 397 725 4.
420 667 458 725 Τ.
477 666 504 725 1.
526 689 556 747 p.
572 664 633 724 599
650 664 752 725 Schm.
773 661 824 723 καὶ
838 656 870 725 sd
886 657 970 744 δλον,
993 658 1161 745 δμεμελητει

31 754 99 842 αὐτῷ
112 754 241 839 μηδενὸς
256 754 353 822 ἄλλον
365 763 493 843 προςδεᾶ
507 756 598 840 εἶναι,
619 762 702 844 quod
716 765 808 823 etium
821 764 959 843 τεροςδεεῖ
968 786 1036 826 esse
1050 768 1158 846 potuit.

31 860 120 938 (Adde
142 862 298 941 Xenoph.
321 861 422 921 Anab.
445 860 481 935 3,
507 860 541 935 2,
562 861 613 922 36.
638 870 669 922 et
688 862 826 940 Interpp.
848 861 889 920 ad
910 862 1026 923 Herod.
1047 864 1074 937 1,
1096 864 1158 943 19.)

31 961 126 1019 Rarius
147 960 233 1019 hunc
260 961 473 1020 accusativum
494 961 585 1040 poni,
611 981 670 1020 nec
691 959 752 1018 nisi
773 958 856 1038 apud
874 961 1061 1020 recentiores
1082 962 1158 1037 fere,

31 1077 198 1136 praegresso
217 1059 430 1131 nominativo,
451 1060 621 1119 monuimus
635 1060 702 1136 jam
723 1060 755 1117 in
776 1067 1000 1138 programmate
1021 1060 1167 1139 paschali.

32 1153 101 1214 1816
121 1175 193 1234 pag.
211 1153 242 1214 9.
285 1154 337 1214 sie
351 1155 548 1216 Eratosthen.
565 1156 765 1216 catasterism.
790 1176 816 1215 c.
832 1153 883 1216 27.
905 1178 977 1238 pag.
996 1155 1065 1217 122.
1089 1157 1160 1218 Gal.

31 1243 144 1328 ἐτιμήθη
174 1248 207 1313 δὲ
235 1243 292 1313 διά
319 1242 352 1314 τὸ
376 1246 549 1334 σύντροφον
572 1245 648 1313 εἶναι
679 1255 721 1334 τῷ
743 1253 806 1314 Διΐ.
842 1253 884 1314 id.
909 1276 934 1314 c.
955 1253 1006 1315 33.
1033 1279 1063 1336 p.
1089 1254 1158 1318 128.

31 1340 91 1424 puel
112 1347 144 1410 δὲ
168 1344 285 1432 χρόνον
305 1348 442 1427 Κέφαλος
464 1347 640 1431 ἀμφοτέρων
659 1341 759 1412 αὐτῶν
779 1345 919 1435 ἐκράτησε
945 1348 996 1414 διὰ
1022 1347 1056 1417 τὸ
1084 1347 1162 1417 εἶναι

32 1440 190 1526 Πρόκριδος
211 1441 323 1532 άνδρα.
352 1470 432 1531 quae
456 1452 482 1509 si
509 1452 577 1531 quis
607 1451 771 1512 emendare
794 1453 885 1525 velit,
912 1454 1005 1515 facile
1026 1465 1072 1515 est
1094 1471 1162 1516 σνν·

31 1567 126 1624 ιμοφος
143 1550 336 1622 rescribere,
360 1558 391 1610 et
409 1540 505 1627 άνδρα
527 1548 642 1608 delere.
679 1547 744 1608 Sed
757 1550 840 1610 haud
854 1554 1061 1614 necessarium
1076 1563 1161 1633 puto.

32 1645 165 1706 Phumut.
197 1647 238 1707 de
262 1656 329 1707 nat.
359 1647 442 1708 deor.
472 1669 498 1706 c.
523 1645 573 1705 20.
600 1667 671 1726 pag.
703 1644 773 1706 187.
804 1647 874 1708 Gal.
908 1647 1019 1726 ληϊστλς
1048 1644 1163 1730 ἐκλήθη
1263 1668 1266 1673 ’

34 1732 82 1802 tri
100 1747 150 1822 τῆς
170 1745 251 1818 λείας
273 1736 297 1824 ἢ
316 1748 429 1824 μᾶλλον
450 1735 501 1805 διά
519 1734 551 1804 τὸ
576 1738 717 1824 σώτειραν
740 1737 835 1824 αὐτὴν
852 1748 913 1807 τῶν
934 1741 1090 1828 χρημάτων
1111 1747 1162 1810 καλ

35 1844 84 1900 τῶν
102 1846 181 1904 λαῶν
197 1837 289 1906 εἶναι.
326 1847 367 1905 Et
390 1847 513 1926 saepius
535 1846 566 1903 in
587 1845 645 1903 hoc
665 1845 815 1925 scriptore
833 1854 867 1905 ut
882 1866 908 1904 c.
925 1845 975 1905 34.
996 1868 1068 1928 pag.
1088 1847 1159 1909 231.

35 1938 177 2020 Scriptura
196 1942 331 2022 ληϊστλς,
351 1955 386 2005 ut
405 1946 464 2004 hoc
488 1943 617 2018 addam,
636 1945 744 2004 favere
763 1944 886 2005 videtur
901 1944 1083 2026 Sylburgio,
1108 1951 1161 2031 qui

38 2039 258 2122 sd'Etymolog.
282 2063 384 2122 magn.
407 2063 478 2123 pag.
502 2041 580 2116 563,
607 2042 655 2102 19.
677 2034 795 2120 ληϊάδες
816 2041 868 2103 ναλ
889 2045 1013 2122 ληϊτίδες
1034 2043 1161 2107 ἐπὶτῶν

36 2143 171 2213 γυναικοῖν
199 2141 236 2201 αἱ
256 2141 451 2220 αἰχμάλωτοι,
481 2138 707 2219 λαφυραγωχολ,
730 2138 901 2217 πολεμικαὶ,
927 2144 1006 2204 haeo
1034 2155 1161 2205 annotat

38 2255 96 2313 pag.
115 2238 163 2299 53.
186 2241 293 2314 „haud
316 2243 394 2314 scio,
425 2261 465 2299 an
485 2240 595 2299 melius
616 2238 781 2317 ,ληϊστίδες
799 2259 818 2298 c
839 2232 969 2318 ληϊστος,
996 2264 1033 2302 ea
1053 2244 1202 2316 forma,1r

32 2353 89 2411 que
112 2335 320 2415 αλχμαλωτίδες
347 2339 385 2397 ab
406 2329 619 2414 αἰχμάλωτος.“
662 2336 779 2395 Verum
801 2356 969 2414 cognomen
990 2340 1159 2413 Minervae,

42 2434 110 2510 quod
130 2436 307 2498 Phurnutus
328 2436 450 2509 laudat,
472 2443 593 2516 spectat
615 2433 656 2493 ad
675 2434 766 2493 Iliad.
790 2455 825 2510 ιι,
846 2434 919 2494 460.

186 2549 238 2611 καὶ
260 2541 330 2631 τάχ’
350 2539 500 2632 Ἀθηναίῃ
522 2548 630 2626 ληΐτιδι
648 2549 711 2620 δῖος
731 2537 887 2620 Ὀδνσσεδς

187 2639 285 2725 δψόσ’
305 2636 446 2725 άνὲσχεθε
465 2644 554 2726 χειρὶ,
576 2644 627 2705 ναὶ
646 2636 802 2725 εὐχόμενος
820 2644 889 2720 ἔντος
905 2639 994 2725 ηὔδα.
1033 2663 1042 2691 ··

44 2770 242 2840 Assrioribus
272 2779 372 2859 poetis
398 2798 461 2837 vox
489 2776 630 2836 traducta
656 2785 716 2849 est,
748 2776 971 2854 significatione
996 2762 1161 2853 immutata,

45 2869 76 2926 ad
96 2875 231 2937 mulieres
256 2878 405 2957 captivas.
442 2876 572 2935 Praeter
587 2875 785 2955 Lycophron.
805 2873 874 2933 105.
897 2875 1043 2953 Apollon.
1060 2878 1160 2937 Rhod.

48 2965 74 3040 ¹2
92 2968 162 3048 818,
185 2996 262 3057 quos
282 2973 451 3034 Schneider
473 2972 596 3045 laudat,
617 2972 689 3032 vide
713 2970 819 3049 Quint.
843 2970 964 3050 Smyrn.
987 2971 1021 3046 3,
1042 2972 1114 3033 544.

190 3079 270 3166 άμφλ
293 3085 326 3147 δέ
345 3109 398 3165 μιν
418 3083 542 3166 μογεραὶ
564 3085 689 3162 ληΐτιδες

192 3184 347 3265 ἱστάμεναι
364 3178 523 3266 γοάασκον.

49 3306 89 3366 Ad
106 3311 272 3376 Minervam
288 3314 422 3378 refertur
443 3317 546 3393 glossa
566 3318 599 3374 in
613 3315 774 3395 Hesychio
800 3315 923 3392 ληΐτιδι,
945 3317 1164 3426 λαφνμμχινχῷ.

49 3403 237 3490 Phavorinus,
260 3418 365 3476 nescio
386 3416 484 3488 unde,
508 3414 652 3492 ληΐτιδι”
636 3431 706 3487 ισας
724 3404 805 3493 μὲν
793 3410 896 3490 ομοῖόν
912 3411 972 3473 ἔστι
986 3434 1022 3525 τη
1009 3403 1164 3497 άχελείμ,

50 3501 114 3584 εἴπερ
132 3506 225 3592 ἐκείνη
247 3517 372 3631 γίνεταιτ
379 3504 462 3601 παρὰ
482 3503 515 3573 τὸ
531 3506 614 3591 άχειν
629 3497 767 3624 λείμν,
747 3533 782 3589 ης
797 3509 888 3590 μέρος
906 3500 1011 3570 καλ
979 3531 1016 3569 τα
1035 3507 1165 3590 λάφυρα,

50 3592 127 3677 ἦλθον
152 3615 262 3690 σκῦλα,
291 3599 372 3687 ἐξ
348 3636 391 3672 ων
418 3611 578 3724 σιιιιλητρία
603 3600 685 3688 ιταμδι
712 3602 893 3719 Λυνμφρονι
913 3598 1045 3683 Ἀθηνᾶ·
1080 3608 1107 3667 ελ
1133 3606 1166 3667 δὲ

51 3690 147 3775 αλῑδέία
166 3708 277 3791 λέγεται
295 3704 412 3788 Ἀθηνα
432 3700 514 3789 παρά
536 3699 568 3769 τὸ
589 3701 674 3786 άγειν
688 3695 796 3782 λεώνη
813 3695 896 3783 παρά
910 3694 943 3763 τὸ
955 3696 1014 3781 άγη
1030 3698 1165 3764 ἐλαύνειν

52 3792 227 3882 διαφέρεΝ
191 3831 283 3884 ουτως
310 3804 331 3889 ἡ
359 3802 452 3889 λήϊτις
481 3804 531 3867 καλ
557 3795 729 3884 ηάχελεία,
759 3823 850 3882 quem
870 3803 972 3862 locum
994 3824 1048 3861 eur
1069 3811 1165 3862 totum

52 3892 257 3982 adscripserim,
277 3927 350 3967 mox
367 3906 495 3987 patebit.
516 3939 558 3948 -
578 3903 661 3982 Quid
680 3902 793 3962 Suidas
815 3903 963 3975 voluerit,
985 3923 1047 3961 non
1068 3910 1164 3981 patet,

53 3989 137 4072 teng
154 4004 296 4080 ληΐτιδοςτ
315 4000 426 4083 Λήϊτος
445 4000 478 4063 δὲ
499 4004 609 4080 ληΐτον.
645 4002 682 4061 In
696 3999 911 4080 Etymologico
928 4001 1029 4058 omnia
1043 4000 1166 4060 turbata

54 4101 124 4166 ⁸¹1sst
148 4100 356 4183 λαφυραγαχολ
379 4103 514 4183 pertinet
543 4100 584 4161 ad
610 4101 795 4171 Homerum,
823 4088 1002 4174 αἰχμάλωτοι
1029 4118 1103 4157 vero
1135 4108 1167 4160 et

55 4189 188 4267 obesset
213 4203 253 4262 ad
279 4223 367 4263 usum
388 4203 536 4263 seriorum
557 4208 725 4281 poetarum.
769 4197 861 4256 Hunc
884 4215 1006 4276 quoque
1028 4199 1167 4275 respexit

55 4278 259 4363 Phavorinug
250 4325 282 4363 m
309 4304 372 4362 alia
393 4304 512 4382 glossa,
542 4302 591 4377 cuj
594 4321 629 4359 us
649 4298 755 4359 sedem
777 4317 876 4377 aeque
898 4297 1016 4374 ignoro
1040 4288 1166 4370 ληϊς,
1147 4318 1168 4372 η

57 4376 353 4476 49θυοᾱχονχλα---
374 4398 506 4476 -ληΐδες
531 4394 563 4456 δὲ
583 4392 634 4455 καλ
655 4394 795 4472 ληΐτιδες·
826 4378 920 4472 αὖταρ
943 4386 1094 4470 ληιάδεσσι
1116 4392 1166 4453 do·

58 4478 189 4563 W'lwts
213 4490 380 4576 ττεριαάων,
410 4493 576 4576 εἰλατλνησι
602 4490 745 4601 μέλποντο
767 4492 903 4569 ληΐτιδες.
946 4493 1036 4552 Prior
1057 4512 1165 4551 versus
