2884 5184
482 497 773 546 nemorosus.
1135 484 1192 544 251

61 671 90 732 έκ
109 674 206 750 μυχοῦ
224 692 303 741 τινος
324 662 345 747 ἦ
366 669 511 746 σπηλαίου
529 662 746 749 φαραγγώδους
765 663 842 747 βαρύ
861 692 888 729 τι
904 668 953 728 καὶ
970 669 1089 750 δυςηχές
1108 666 1194 731 ὑπο-

59 774 213 852 τρίζων.
238 816 245 829 .
270 816 276 829 .
301 770 366 849 έφη.
410 772 495 831 Vera
522 781 569 832 est
592 772 705 850 Corayi
730 771 916 844 emendatio,
940 794 994 851 pro
1015 764 1196 862 ὑποτρύζων,

60 876 140 956 quod
159 884 252 935 antea
272 874 449 952 legebatur,
472 864 636 952 ὑποτρίζων
656 874 842 953 reponentis.
861 909 902 917 -

140 976 209 1035 Lib.
230 976 302 1034 VII.
327 996 352 1034 c.
374 973 403 1033 2.
426 998 456 1055 p.
477 974 548 1034 254.
576 965 650 1052 ήδὲ
667 963 799 1052 Ἀρσύκη
819 965 854 1033 τδι
883 972 937 1051 μὲν
965 968 1040 1034 ἄλλα
1069 972 1146 1054 καλή
1167 998 1197 1036 τε

58 1063 94 1154 ἦν
118 1074 170 1136 καλ
191 1069 302 1155 μεγάλη
330 1073 381 1135 καὶ
401 1080 580 1136 συνεῖναι
609 1064 798 1152 δραστήριος,
827 1068 861 1138 τό
888 1099 917 1138 τε
936 1073 1075 1158 φρόνημα
1097 1074 1126 1150 έξ
1150 1069 1196 1135 εδ-

55 1176 168 1255 γενείοις
187 1171 351 1258 ὑπέρογκος
373 1177 424 1238 καλ
451 1172 516 1238 οἷον
536 1168 613 1247 εἰκὸς
635 1165 689 1252 τήν
716 1163 851 1256 ύδελφήν
873 1175 1014 1257 βασιλέως
1036 1181 1088 1238 τού
1107 1171 1195 1257 μεμύ-

56 1282 108 1337 λου
127 1283 295 1357 γεγονυῖαν.
340 1283 432 1341 Patet
449 1278 642 1340 scribendum
662 1297 731 1336 esse
752 1276 935 1339 συνιέναι.
980 1281 1059 1341 Ibid.
1074 1303 1105 1361 p.
1123 1278 1194 1338 255.

57 1377 106 1438 nul
127 1383 220 1439 ταῦτα
241 1371 258 1439 ὑ
281 1377 335 1458 μὲν
356 1374 471 1457 Θύαμις
493 1370 563 1439 ούδέ
587 1368 664 1438 κατδι
685 1367 793 1458 μικρὸν
813 1379 958 1457 προςίετο,
986 1375 1074 1458 φύσει
1094 1402 1124 1439 τε
1145 1378 1197 1440 καὶ

57 1478 88 1539 ἐκ
110 1480 228 1541 παίδων
248 1461 282 1542 εὑ
306 1472 447 1558 πεφυκώς
474 1472 509 1540 ric
537 1479 578 1552 εἰς
601 1471 815 1556 σωφροσύνην,
844 1477 895 1538 καὶ
920 1473 956 1540 τὰ
982 1470 1058 1560 πρὸς
1084 1479 1196 1559 ἐκείνης
1285 1531 1287 1535 ,

57 1574 192 1662 δρώμενα
210 1577 310 1662 πόρρω
331 1604 360 1642 τε
378 1568 434 1661 ἦν,
455 1573 495 1653 ὡς
516 1580 665 1662 έδρᾶτο,
695 1572 881 1639 ὑποπτεύειν.
924 1583 1032 1643 Edidit
1055 1584 1194 1663 Ocrayus

59 1674 97 1753 ιδς
118 1680 239 1762 ἐδρᾶτο,
261 1689 314 1745 τοῦ
332 1677 522 1758 ὑποπτεύειν,
545 1683 631 1742 facili
649 1690 680 1742 ct
697 1683 875 1740 necessaria
891 1687 1091 1746 correctione.
1132 1685 1195 1745 Sed

58 1795 208 1861 praestat,
231 1788 263 1845 ni
284 1787 390 1859 fallor,
411 1785 494 1866 quod
517 1804 639 1866 quoquc
660 1782 700 1840 ad
718 1784 899 1862 scripturam
914 1795 1051 1846 veterem
1071 1788 1195 1866 propius

59 1885 190 1959 accedit,
214 1877 254 1957 ὦς
276 1881 385 1965 ἑώρα,
408 1889 471 1945 τοῦ
492 1875 677 1945 ὑποπτεύειν.
699 1916 736 1924 -
765 1905 790 1942 ο.
807 1883 836 1944 3.
858 1908 888 1965 p.
911 1883 981 1947 256.
1005 1880 1067 1946 τότε
1086 1882 1115 1944 δ’
1141 1873 1197 1947 οὑν

58 1977 75 2061 ή
90 1976 232 2065 Ἀρσάκη,
254 1990 307 2046 τοῦ
321 1982 459 2066 πλήθους
473 1985 520 2046 έπλ
532 1977 589 2064 τήν
603 1985 720 2061 οἴκησιν
735 1974 825 2063 αύτής
840 1986 1016 2066 συρρυέντος
1030 1986 1081 2047 καλ
1098 1981 1153 2066 τήν
1166 2010 1196 2048 τε

59 2082 165 2160 ἔφοδον
184 2091 244 2147 τῶν
266 2085 407 2149 ἐναντίων
429 2090 587 2167 δηλοῦντος
611 2080 696 2163 (ήδη
723 2083 774 2143 καὶ
796 2078 871 2163 αύτή
890 2087 1118 2169 προησθήμένη)
1145 2088 1195 2146 καὶ

58 2191 114 2259 τοῖς
140 2175 209 2247 ούσι
230 2192 289 2248 τῶν
311 2193 495 2269 στρατιωτῶν
517 2184 671 2266 ἐπιτρέψαι
700 2186 886 2257 συνεξελθεῖν
912 2179 1013 2257 αύτοῖς
1033 2187 1194 2260 αἰτοῦντος,

58 2277 109 2346 οὑκ
131 2279 172 2348 δν
187 2288 245 2367 ἔφη
265 2294 355 2350 ταῦτα
374 2290 534 2371 προχείρως
552 2282 644 2358 οὑτως
663 2282 840 2364 ἐπιτρέψειν.
885 2288 970 2363 Lege
994 2279 1062 2367 ήδη
1085 2285 1123 2346 δὲ
1144 2285 1194 2346 καὶ

58 2378 150 2466 αύτή,
179 2390 402 2473 προησθημέυη.
424 2427 465 2434 -
501 2414 526 2452 c.
558 2391 606 2449 10.
633 2410 664 2468 p.
690 2386 762 2445 271.
792 2386 865 2467 quid
892 2387 950 2445 sibi
976 2389 1074 2447 velint
1097 2390 1194 2448 verba

58 2477 125 2548 οὑδὲ
146 2482 205 2569 γὺρ
225 2496 346 2575 μικρῷ
364 2495 410 2572 τῷ
432 2490 528 2575 μέσφ
551 2482 619 2563 τούς
645 2483 753 2559 δέλλους
777 2490 819 2569 τῷ
843 2481 942 2548 κύλλει
964 2484 1193 2569 κατήστραπτεν,

57 2611 115 2649 non
137 2593 238 2652 vidco.
276 2595 400 2653 Haereo
423 2595 503 2653 enim
518 2596 549 2654 in
563 2594 667 2653 verbis
681 2591 779 2671 μικρῷ
790 2591 833 2670 τῷ
846 2587 933 2672 μέσφ.
977 2591 1057 2650 Ibid.
1072 2614 1103 2672 p.
1122 2590 1193 2651 272.

57 2679 75 2766 ή
94 2695 268 2752 τοιοῦτον
295 2686 477 2774 κεκλήρωται
500 2685 551 2754 τὸν
573 2687 720 2772 ἐρώμενον
742 2692 822 2750 male
848 2695 976 2752 mutavit
999 2693 1139 2773 Oorayus
1162 2698 1209 2757 in.

58 2791 87 2850 εί
106 2797 284 2853 τοιοῦτον
311 2816 338 2853 κ.
359 2816 384 2853 τ.
410 2799 435 2854 λ.
457 2830 499 2838 —-
533 2817 559 2854 c.
583 2795 632 2853 17.
652 2818 683 2874 p.
705 2792 778 2853 285.
807 2784 873 2865 ἀλλ’
903 2782 1099 2873 ἆποῤῥιπτέον
1123 2789 1197 2872 ὑμῖν

58 2885 122 2966 τοὺς
142 2888 284 2974 ληρύδεις
305 2890 426 2969 τούτους
445 2895 496 2956 καλ
514 2889 716 2973 μειρακιώδεις
737 2897 779 2976 τῷ
800 2885 863 2954 ivn
881 2885 1029 2972 θρήνους·
1051 2886 1144 2975 ὑρᾷν
1163 2894 1196 2956 δέ

58 2995 106 3055 καλ
134 2995 290 3075 ῥυθμίζειν
313 2990 448 3073 έαυτοὺς,
485 2996 573 3056 εἴκειν
601 3016 630 3054 τε
655 2992 705 3053 καλ
729 2986 940 3072 ὑπηρετεῖσθαι
965 3000 1026 3066 τοῖς
1050 2986 1196 3075 Ἀρσάκης

16 3141 17 3160 κ
57 3091 229 3174 βουλήμασι.
274 3099 455 3180 Corruptum
477 3119 546 3159 esse
568 3088 643 3176 δρᾷν
669 3094 748 3154 vidit
773 3115 896 3175 quoque
920 3095 1060 3175 Corayus
1086 3098 1117 3155 in
1129 3091 1193 3156 'no-

16 3195 17 3286 J
57 3198 107 3271 tis,
131 3200 317 3278 corrigitque
338 3193 400 3279 ὥρα
429 3196 461 3258 δὲ
483 3199 550 3275 καί,
578 3197 661 3278 quod
686 3217 742 3276 por
766 3218 799 3257 se
822 3198 1027 3276 spernendum
1047 3219 1109 3257 non
1132 3207 1193 3272 est3

16 3291 17 3336 l
59 3302 247 3359 concinnitas
268 3309 371 3361 tamen
394 3303 539 3361 orationis
562 3301 744 3361 infinitivum
762 3301 821 3359 hoc
840 3295 909 3360 loio
932 3301 1088 3380 postulare
1107 3301 1192 3362 vide·

57 3408 119 3476 tur3
150 3409 337 3482 quapropter
359 3393 538 3482 ὡραίζειν
565 3403 693 3463 tentavi.
740 3393 884 3463 Octeruui
905 3402 1048 3463 infinitivi
1074 3403 1105 3461 hi
1126 3413 1195 3484 post

58 3503 183 3563 verbale
212 3493 410 3581 ἆπορριπτέον
433 3504 568 3583 speciem
595 3504 772 3564 anacoluthi
801 3506 917 3564 referre
947 3505 1107 3579 videntum
1139 3506 1195 3564 sed

57 3603 192 3682 legitime
209 3602 349 3682 procedit
370 3604 483 3675 oratio,
504 3605 530 3662 si
552 3604 668 3680 cogitas
690 3593 887 3680 ἆποῤῥιπτέον
905 3603 986 3662 idem
1009 3624 1092 3675 esse,
1113 3605 1195 3683 quod

59 3703 105 3761 δεῖ
122 3696 321 3781 ὑπορρίπτειν.
365 3703 509 3762 Pluribus
530 3704 608 3762 haec
630 3710 701 3781 post
718 3703 881 3761 Heindorf.
903 3703 943 3760 ad
961 3704 1082 3761 Platon.
1100 3702 1193 3781 Gorg.

60 3825 83 3862 ο.
111 3805 180 3865 104.
202 3828 232 3884 p.
255 3802 325 3862 155.
356 3813 388 3863 et
407 3805 581 3863 Buttmann.
604 3803 643 3861 ad
665 3803 787 3862 Platon.
810 3803 925 3862 Criton.
950 3823 976 3863 c.
1000 3801 1049 3860 12.
1068 3825 1098 3883 p.
1125 3801 1193 3862 102.

57 3907 276 3965 illustravimus
309 3905 340 3963 in
367 3904 597 3981 Programmate
625 3905 771 3963 Paschali
799 3925 826 3962 a.
857 3902 947 3964 1816.
978 3904 1098 3982 (Progr.
1125 3904 1194 3982 IV.)

58 4027 86 4085 p.
112 4004 160 4064 12.
182 4007 284 4065 allatis
308 4005 457 4084 exemplis
479 4007 608 4065 Lucian.
629 4006 810 4066 Hermotim.
838 4025 864 4063 c.
887 4002 937 4063 23.
961 4004 1011 4065 36.
1027 4003 1085 4076 52.
1107 4007 1145 4063 Τ.
1169 4007 1194 4064 Ι.

58 4130 87 4187 p.
106 4106 178 4166 353.
203 4105 275 4167 362.
299 4105 371 4165 371.
416 4106 536 4184 Quibus
556 4108 705 4188 exemplis
728 4126 809 4165 nunc
831 4104 926 4163 addo:
954 4105 1134 4184 Hippocrat.
1158 4105 1196 4165 de

59 4208 129 4267 vict.
154 4215 235 4265 acut.
258 4208 297 4265 Τ.
318 4208 360 4265 II.
388 4230 418 4287 p.
438 4207 510 4267 273.
539 4206 629 4265 Lind.
653 4200 733 4282 μετὰ
747 4204 780 4266 δέ
805 4207 889 4264 τούτο
913 4208 954 4284 τῷ
975 4201 1029 4281 μὲν
1050 4197 1197 4283 ῥοφήματι

61 4305 87 4380 ἒς
107 4301 140 4367 τὸ
162 4307 245 4388 πρωῒ
264 4304 418 4386 χρηστέον,
441 4305 469 4378 ἒς
491 4297 548 4383 ὀφέ
563 4302 595 4364 δέ
613 4304 641 4375 ές
656 4306 733 4366 σιτία
752 4298 954 4383 μεταβάλλειν.
980 4305 1082 4365 Schol.
1101 4306 1195 4387 Soph.

61 4407 148 4485 Ajac.
170 4428 200 4466 v.
228 4404 298 4466 240.
321 4430 351 4487 p.
376 4406 447 4466 221.
472 4398 487 4467 δ
510 4396 595 4485 χορὸς
615 4440 658 4449 -
679 4405 860 4487 διαπορεῖται
880 4406 909 4465 τί
931 4403 1077 4485 πρακτέον
1097 4396 1193 4489 αύτῷ.

62 4502 184 4589 πότερον
205 4505 469 4587 έγκαλυφαμένους
496 4501 617 4586 φεύγειν
642 4499 710 4567 δποι
730 4488 797 4567 ποτ’
819 4491 890 4582 σύν,
917 4498 937 4584 if
961 4496 1105 4569 ολποπλεῖν
1132 4504 1195 4570 ἔπι-
