2884 5184
324 434 436 483 arun
458 433 738 483 nacrsurrnu
759 435 901 509 orvis.
1092 386 1100 402 .
1140 424 1180 486 57

60 612 257 689 ipsosrversus
276 606 458 681 adduxisse,
482 606 539 668 sed
561 602 611 666 sat'
621 608 766 669 habuisse
782 609 979 682 sententiam,
1002 631 1093 691 quam
1109 631 1178 670 con-

44 709 190 791 ‘'fluerent,
206 728 347 767 sermone
362 706 499 787 pedestri
515 708 679 783 extulisse,
703 707 786 788 quod
802 708 934 767 colorem
949 708 1083 789 aliquem
1098 711 1188 769 veri-¹

37 814 45 846 Γ
60 808 120 864 tatis
140 827 212 885 prae
233 827 268 865 se
290 807 367 878 fert,
389 805 571 865 editionibus
591 805 748 865 veteribus
769 806 930 885 inspectis,
953 827 1033 886 quae
1054 829 1179 888 prorsus

44 925 187 965 corsuum
207 906 387 965 tenuissima
409 905 541 980 vestigia
563 903 678 963 delent.
723 905 794 963 Huc
817 905 951 978 accedit,
981 905 1063 986 quod
1086 907 1179 967 editio
1227 956 1231 962 .
1298 973 1303 982 ¹

36 1017 40 1049 ῑ
61 1006 97 1076 B,
130 1024 204 1083 quae
235 1025 252 1063 e
282 1004 438 1063 veteribus
471 1003 582 1062 nostris
615 1003 648 1061 in
683 1001 812 1063 Graecis
844 1004 1090 1077 emendatissima
1123 1015 1178 1079 cst,

61 1124 188 1184 quaeque
210 1104 279 1163 aliis
302 1105 334 1161 in
355 1103 432 1162 locis
452 1103 634 1183 plerumque
655 1122 763 1162 versus
778 1123 796 1160 a
811 1124 904 1182 prosa
920 1105 1058 1163 oratione
1074 1104 1177 1164 distin-

60 1223 142 1279 guere
168 1203 260 1276 solet,
289 1204 339 1261 hic
363 1202 486 1283 quidem
508 1202 651 1260 continua
673 1203 753 1261 serie
775 1202 879 1262 verbis
898 1202 1060 1283 descriptis
1084 1202 1221 1262 edito-14

60 1322 114 1359 rem
134 1301 169 1360 de
183 1302 324 1361 versibus
339 1300 582 1360 discriminandis
597 1321 660 1360 non
675 1301 827 1378 cogitasse
843 1303 917 1360 satis
933 1301 1032 1361 docet.
1065 1302 1180 1361 Verum

60 1419 129 1457 vana
158 1401 307 1477 ejusmodi
330 1402 432 1481 opinio
453 1402 505 1460 vel
525 1401 598 1460 inde
620 1401 786 1474 refellitur,
814 1400 896 1480 quod
916 1409 979 1460 turn
1000 1402 1180 1461 Lactantius

38 1503 112 1556 ‘icon
126 1497 241 1558 Graeca
265 1500 321 1560 sed
334 1501 474 1559 Romana
490 1500 626 1559 oratione
645 1519 717 1558 usus
737 1499 856 1567 fuisset,
892 1500 1008 1559 Verum
1023 1508 1078 1573 est,
1099 1499 1181 1581 quod

38 1583 242 1658 ³·Bunemanno
270 1600 460 1681 reliquisque
482 1599 702 1659 recentioribus
727 1597 892 1657 editoribus
911 1600 982 1675 jure
1003 1600 1179 1672 irascamur,

62 1697 104 1775 qui
124 1697 207 1757 bonis
235 1700 299 1759 suis
327 1701 372 1759 uti
400 1700 615 1776 neglexerunt.
658 1699 721 1757 Vix
748 1698 829 1755 enirn
862 1696 1009 1757 credibile
1040 1707 1101 1772 est,
1136 1707 1181 1758 tot

37 1794 199 1856 lcodicibus
227 1800 296 1876 jam
329 1798 447 1857 collatis
480 1817 584 1856 omnes
614 1798 646 1855 in
676 1796 803 1874 vulgata
837 1798 1022 1877 conspirare.
1073 1798 1116 1856 Et
1147 1804 1181 1856 ut

62 1896 233 1974 conspirent,
271 1906 374 1957 tamen
404 1897 485 1978 quod
512 1899 596 1976 ipsas
624 1896 847 1977 Sibyllinorum
879 1898 1044 1967 carminum
1072 1898 1178 1959 editio-

38 2004 105 2051 ·'lnes
128 2015 186 2059 non
212 1996 422 2075 inspexerint,
460 2015 625 2076 numquam
658 1998 801 2055 excusari
833 2004 986 2076 poterunt.
1031 1996 1180 2078 Sparkius

37 2106 54 2140 τ’·
62 2091 168 2169 quidem
208 2114 249 2152 ex
292 2094 427 2171 Betuleji
470 2093 605 2153 editione
649 2115 770 2174 semper
804 2095 942 2169 indicat,
986 2095 1110 2155 ubinam
1150 2107 1181 2158 et

36 2188 194 2269 quomodo
221 2195 256 2251 in
280 2191 439 2272 Sibyllinis
469 2192 593 2251 oracula
622 2192 780 2269 legantur3
811 2193 866 2252 sed
892 2214 932 2253 ne
959 2194 1018 2252 hoo
1048 2194 1180 2274 quidem,

38 2289 131 2368 quod
153 2291 267 2349 nullius
291 2290 405 2349 laboris
434 2298 515 2363 erat,
543 2291 762 2351 Bunemannus
790 2292 874 2350 fecit.
917 2290 1022 2371 Atque
1044 2312 1119 2352 sane
1142 2315 1181 2353 ex

39 2385 201 2468 aOpsopaei
228 2389 364 2448 editione
392 2390 495 2448 multis
521 2390 598 2449 locis
625 2389 733 2449 videro
762 2391 946 2470 potuissent,
978 2411 1047 2450 esse
1075 2399 1182 2451 vetera

37 2486 196 2546 ¹zlactantii
219 2488 426 2567 exemplaria,
446 2509 525 2568 quae
540 2489 634 2548 multo
651 2490 839 2550 emendatius
858 2488 979 2568 Graeca
996 2491 1180 2550 contineant.

37 2584 103 2643 cle
121 2587 198 2666 ipsos
218 2589 278 2647 hos
300 2609 424 2661 versus,
447 2611 522 2670 quos
541 2610 622 2648 nunc
644 2598 825 2665 tractamus,
847 2592 925 2650 haec
948 2599 995 2650 est
1016 2591 1075 2649 viri
1090 2591 1182 2669 hujus

38 2708 52 2745 z„
62 2684 130 2743 docti
149 2695 236 2746 nota:
275 2687 475 2759 „Lactantius
503 2689 582 2747 libro
607 2690 639 2761 I,
666 2709 733 2769 cap.
756 2689 810 2763 15,
836 2689 889 2749 ribi
912 2690 1060 2749 adversus
1084 2688 1180 2750 Grae-

37 2790 45 2845 ζ·
62 2802 149 2842 corum
170 2786 354 2858 vanitatem,
379 2806 440 2866 qua
460 2786 599 2846 homines
616 2808 671 2866 pro
689 2788 746 2847 diis
767 2789 922 2861 colebant,
943 2789 1078 2861 disserit,
1101 2789 1182 2848 hanc

36 2910 48 2920 f
62 2879 185 2959 Sibyllae
208 2883 358 2949 aduersus
387 2904 440 2943 eos
469 2886 710 2965 increpationem
737 2889 838 2959 citat,
857 2877 912 2945 sed
932 2886 1066 2946 secundo
1089 2906 1182 2945 versu

36 3001 184 3066 *mancam
215 2983 327 3043 ceteris
360 2985 540 3044 variantem.
584 2985 665 3044 Nam
696 2986 749 3046 ubi
782 2988 814 3044 in
845 2987 935 3045 tertio
969 2994 1015 3044 est
1046 2983 1182 3063 πορίζεις,

37 3079 199 3141 rLactantii
215 3081 337 3158 vulgati
353 3082 474 3142 codices
490 3084 606 3143 habent
621 3072 775 3162 ἀνατίθης.
808 3085 924 3143 Verum
937 3085 1068 3163 scriptus
1084 3083 1182 3143 codex

37 3211 43 3245 1
62 3188 113 3257 opt.
139 3191 245 3254 notae,
269 3182 322 3261 qui
342 3190 388 3240 est
409 3183 441 3241 in
462 3182 656 3242 Bibliotheca
676 3183 866 3261 integerrimi
888 3182 1045 3245 Senatoris
1068 3184 1105 3243 cl.
1121 3184 1181 3242 Pu-

37 3313 45 3345 2,
60 3279 145 3352 teani,
166 3281 259 3360 plane
275 3300 343 3339 cum
359 3279 520 3360 Sibyllinis
535 3281 621 3342 libris
637 3283 804 3356 consentit,
822 3283 1076 3364 quemadmodum
1091 3285 1183 3343 etiam

61 3374 88 3432 in
110 3379 249 3460 reliquis,
281 3378 334 3438 ubi
360 3380 509 3458 publicati
530 3380 671 3454 fuerunt,
699 3379 742 3452 τίς
763 3401 808 3440 τοι
828 3372 946 3459 πλάνην
967 3375 1057 3458 βάλεν
1076 3378 1108 3441 ἓν
1129 3385 1183 3462 uqi,
1210 3399 1216 3405 ’

62 3462 94 3542 ὅς
112 3496 140 3534 τε
158 3492 190 3537 σε
209 3474 280 3538 τάδε
300 3482 396 3539 ποιεῖν
413 3471 551 3557 μεγάλοιο
573 3484 657 3539 θεοῖο
678 3473 854 3559 προσώπου,
883 3482 915 3539 in
937 3482 1069 3540 Puteani
1090 3502 1181 3541 mem-

61 3569 151 3634 branis
172 3578 329 3651 scribitur,
351 3577 393 3650 οίς
414 3574 461 3637 σοὶ
480 3572 596 3636 πλάνον
617 3572 649 3635 ἐν
670 3574 756 3657 φρεσὶ
774 3578 868 3652 θῆκε,
886 3578 978 3634 τοῦτο
1000 3579 1092 3635 τελεῖν
1110 3597 1183 3655 προ-

62 3664 172 3732 λιπόντα
194 3678 270 3734 θεοῦ
292 3668 430 3754 μεγάλοιο
451 3669 627 3755 πόσονπον,
655 3695 723 3733 cum
741 3674 800 3733 hac
820 3675 1086 3753 interpretatione,
1119 3678 1185 3744 Quis

62 3770 101 3824 libi
122 3789 245 3834 errorem
269 3781 298 3833 ia
324 3784 412 3834 mente
434 3781 542 3850 posuit,
572 3781 603 3831 at
627 3776 697 3831 baec
721 3775 830 3847 facias,
862 3775 992 3830 derelicta
1012 3775 1067 3830 Dei
1091 3779 1187 3848 moysi

61 3866 162 3935 fade-'⁴‘
205 3873 308 3954 Atque
338 3894 462 3954 prorsus
490 3874 534 3930 ita
561 3873 691 3951 optimus
719 3878 823 3928 noster
857 3870 956 3930 codex
989 3869 1033 3948 (in
1069 3890 1183 3928 summo

62 3969 185 4043 margine
212 3992 274 4030 una
302 3973 335 4030 in
359 3972 444 4032 linea
472 3970 594 4031 Graeca
623 3970 687 4047 legi
714 3967 898 4047 nequibant3
928 3968 1041 4027 Latina
1069 3969 1185 4027 intacta
1203 3981 1228 4023 15

63 4067 250 4145 manserunt.)
918 4124 925 4133 .

217 4166 330 4227 Gracia
352 4165 426 4246 quid
774 4163 928 4222 enacanll

217 4266 344 4326 confidis
366 4267 398 4325 in
769 4261 941 4322 Helloidac

215 4368 289 4428 uiris
310 4388 379 4427 esse
398 4388 452 4426 reo
771 4364 975 4444 ellanapacin

214 4476 296 4528 tores
318 4477 350 4527 et
372 4488 425 4526 cur
771 4465 949 4543 upenoncci
