2884 5184
380 473 566 534 ouranos
589 476 855 525 snrnnnnus.
1143 467 1182 531 23

46 646 191 728 placet*).
239 640 296 707 Eri
316 649 454 709 omnibns
478 648 525 709 his
546 659 647 730 patet,
677 672 746 725 cnr,
775 673 854 732 quae
877 653 916 711 sit
928 644 1013 732 Ἔρις
1035 645 1183 732 ἀκήρατος

45 752 126 822 1.1.,
153 750 337 828 intelligere
365 771 527 831 nequeam.
571 753 682 813 Donec
703 753 831 814 meliora
849 753 996 835 eclooear,
1022 752 1093 830 lego
1114 744 1183 825 τούς

46 839 74 907 ‹i’
88 842 173 928 Ἔρις
191 840 382 931 (ὀτρύνεσκεν
397 841 552 934 οἷκείριτος.
569 887 612 897 -
634 852 697 914 Sed
713 852 821 914 eadem
836 876 899 914 vox
914 846 1062 933 ἀκήρατος
1079 865 1183 915 monet

46 973 112 1023 noe,
139 959 174 1010 ut
203 951 245 1012 de
270 954 330 1013 alio
352 975 475 1034 quoque
499 954 606 1032 Quinti
627 956 696 1015 loco
719 956 903 1018 sententiam
924 962 1058 1014 nostram
1078 958 1180 1035 profa-

45 1073 149 1111 ramus.
196 1055 260 1114 Est
282 1057 308 1114 is
331 1054 367 1127 6,
391 1053 461 1114 143.
482 1073 542 1130 sqq.

125 1173 179 1230 τοῦ
199 1161 229 1229 δ’
254 1165 314 1254 ἄρα
335 1165 463 1242 κύδιμον
483 1165 535 1231 vla
554 1164 655 1252 Πόρις
675 1164 756 1250 μάλα
776 1166 927 1253 πρόφρονι
947 1174 1039 1253 θυμῷ

124 1257 198 1350 ήγεν
218 1267 273 1332 ἑὸν
291 1270 359 1333 aori
382 1272 466 1348 δῶμα
485 1263 526 1332 δι’
549 1267 720 1354 εὐρυχόροιο
737 1267 847 1353 πόληος

125 1375 207 1451 σῆμα
228 1362 305 1454 παρ’
325 1363 537 1456 Ἀσσαράκου,
558 1363 643 1433 καθ’
656 1366 802 1454 Ἕκτορος
823 1363 898 1434 alani
920 1367 1070 1454 μέλαθρα,

125 1466 200 1551 νήόν
216 1496 249 1534 τε
272 1467 383 1548 ζάθεον
403 1474 594 1556 Τριτωνίδος,
617 1473 695 1535 ἔνθα
713 1475 742 1535 οἱ
763 1467 832 1553 όὶγχι

127 1565 244 1653 δώματ’
267 1573 340 1637 ἔσαν
361 1574 425 1636 καὶ
443 1566 567 1656 βωμός
589 1565 783 1655 ἆκήρατος
798 1567 995 1654 Ἑρκείοιο.

50 1694 224 1771 Legendum
250 1703 299 1755 est
321 1686 540 1773 καὶἝκτορος
560 1682 636 1753 ainai
657 1686 810 1775 μέλαθρα,
832 1703 865 1754 ut
885 1695 982 1755 verba
1005 1715 1128 1776 quoque
1144 1695 1183 1753 ab

49 1797 218 1856 Hermanno
236 1797 327 1856 citari
341 1794 433 1855 video
448 1797 480 1855 in
498 1799 609 1872 Orphie.
623 1816 689 1871 pap.
706 1794 783 1870 805,
800 1798 917 1857 lectore
935 1796 973 1855 de
993 1797 1183 1855 correctione

51 1918 104 1955 non
131 1899 257 1958 monito.
303 1899 418 1957 Verum
446 1897 497 1956 hic
517 1899 573 1958 Vir
594 1899 634 1956 D.
665 1898 726 1956 alio
747 1907 910 1978 praeterea
931 1899 1060 1957 vulnere
1082 1897 1184 1955 locum

49 1998 182 2058 laborare
212 1999 361 2060 credidit:
392 2009 441 2072 „at
466 2003 536 2059 haee
561 2020 635 2059 aare
661 2005 802 2075 tepenter,
832 2004 909 2059 Jova
929 2002 1034 2058 Hercei
1054 2000 1137 2056 aedes
1159 2005 1186 2054 et

54 2118 101 2156 ara
122 2105 234 2177 intellipi
260 2102 372 2170 debent,
399 2104 438 2157 ita
458 2109 488 2158 at
508 2093 539 2160 ol
558 2104 686 2159 abundet.
725 2103 781 2160 Sed
795 2103 967 2174 probabilius
989 2108 1045 2169 est,
1074 2101 1184 2157 domam

54 2202 157 2259 Paridis
182 2206 315 2277 intellipi,
347 2209 372 2259 et
405 2205 439 2259 de
466 2204 572 2261 Paride
601 2205 658 2260 οἱον·
682 2193 724 2267 οἷς
759 2219 847 2276 quare
873 2203 1050 2260 scribendum
1078 2201 1185 2267 adelae

55 2292 146 2377 βωμὸν
166 2293 336 2382 ἀκήρατον,
365 2306 404 2360 ad
429 2321 501 2377 qaae
520 2305 604 2362 verba
625 2306 803 2377 repetendam
826 2306 862 2359 sit
882 2291 972 2378 παρά,
1018 2303 1187 2373 Comparari

52 2412 133 2476 potest
151 2404 204 2478 13,
235 2402 300 2464 435
320 2408 401 2479 sqq.“
447 2402 510 2462 Sed
529 2404 619 2463 Jovis
638 2404 755 2463 Hercei
783 2400 877 2459 aedes
906 2408 937 2459 et
964 2420 1019 2458 ara
1039 2401 1092 2458 vel
1113 2419 1182 2478 pro-

55 2513 151 2581 pterea
171 2505 308 2582 intelligi
326 2513 499 2585 nequeunt,
528 2503 610 2586 quod
631 2505 670 2563 de
690 2505 769 2565 aede
792 2505 883 2564 Jovis
905 2502 1020 2562 Hercei
1043 2501 1184 2579 nuspiam

56 2607 195 2667 nefando
217 2606 344 2689 quidem
365 2606 502 2666 auditum
521 2617 583 2667 est:
613 2605 652 2666 de
672 2626 726 2664 ara
748 2626 820 2664 mox
841 2604 1022 2664 videbimus.
1069 2600 1182 2661 Certis-

58 2707 153 2767 simum
175 2719 235 2784 est,
271 2701 303 2769 οἷ
322 2708 360 2769 de
378 2709 493 2769 Paride
520 2709 593 2782 dici,
623 2709 676 2788 qui
695 2708 907 2786 Eurypylum,
935 2706 1080 2782 Trojanis
1102 2723 1184 2763 nova

59 2810 163 2869 auxilia
180 2811 377 2883 afferentem,
400 2810 532 2889 hospitio
557 2819 742 2889 excepturus
762 2829 818 2888 per
841 2808 947 2866 urbem
964 2805 1084 2864 domum
1099 2824 1185 2863 suam

60 2909 146 2985 ducit,
174 2934 256 2994 quae
281 2933 349 2971 cum
374 2911 502 2991 reliquis
522 2910 661 2969 domibus
680 2911 787 2987 regiae
808 2905 1031 2966 Priamidarum
1049 2905 1184 2962 familiae

60 3010 86 3068 in
110 3032 177 3072 arce
196 3015 392 3090 Pergamena
421 3010 505 3071 haud
528 3013 637 3092 procul
661 3031 679 3069 a
700 3011 861 3068 Minervae
884 3005 996 3099 templo
1028 3012 1102 3063 erat.
1148 3004 1185 3062 In

61 3114 126 3172 atrio
154 3114 278 3176 aedium
306 3115 421 3173 Priami
454 3135 507 3173 ara
532 3113 587 3172 illa
619 3113 709 3172 Jovis
735 3110 851 3171 Hercei
879 3107 996 3179 stabat,
1031 3104 1070 3163 ad
1094 3123 1186 3185 quam

61 3223 156 3290 postea
174 3217 315 3276 Priamus
336 3237 355 3274 a
376 3216 579 3296 Neoptolemo
599 3215 717 3273 occisus
738 3221 799 3285 est,
825 3211 899 3270 satis
916 3208 971 3266 illa
993 3226 1012 3265 a
1033 3205 1135 3286 poetis
1155 3212 1186 3263 et

62 3312 178 3377 Graecis
199 3328 231 3380 et
251 3318 369 3377 Latinis
392 3317 563 3390 celebrata3
588 3317 626 3374 cf.
650 3318 746 3374 Nostr.
771 3312 825 3386 13,
849 3310 921 3371 222.
944 3314 1043 3386 Heyne
1058 3311 1184 3366 Errare.

65 3413 106 3472 ll.
131 3423 168 3476 ad
185 3424 248 3479 libr.
271 3416 300 3476 2.
321 3422 435 3493 Aeaeid.
458 3420 538 3477 Cerd.
566 3420 604 3475 ad
625 3419 737 3474 Aeneia.
760 3413 795 3488 2,
825 3412 897 3473 513.
941 3411 1046 3491 Atque
1076 3409 1185 3470 eadem

64 3533 110 3574 ara
128 3519 215 3581 Jovis
235 3520 352 3580 Hercei
372 3518 554 3596 intelligitur
576 3537 699 3598 quoque
721 3518 753 3575 in
772 3516 857 3588 loco,
884 3536 974 3595 quem
989 3514 1185 3572 Hermannus

66 3617 155 3696 affert,
176 3624 272 3684 nostri
293 3628 406 3702 poetae
430 3617 486 3693 13,
513 3618 585 3678 435.

89 3750 91 3756 “
139 3722 213 3819 ὦρτο
236 3728 266 3800 δ’
290 3731 349 3819 όιρα
367 3729 477 3808 κτόντος
498 3727 582 3806 αἰνὸς
604 3724 755 3809 ὃμοῦ·**)
776 3729 894 3789 καίοντο
918 3725 950 3788 δὲ
970 3719 1069 3786 πάντα

72 3927 257 3944 ’Ἁ-

127 4058 152 4123 *)
175 4062 306 4113 Addimus
327 4066 485 4127 praeterea,
512 4059 541 4107 in
565 4058 600 4106 iis
623 4054 707 4116 loeis,
733 4050 781 4101 nbi
802 4048 1022 4100 Ratakeniasad
1046 4047 1106 4098 Τι’νι.
1132 4048 1149 4094 l.
1168 4047 1186 4093 1.

68 4124 197 4206 ἀκήρατος
219 4151 248 4198 in
270 4138 432 4212 ἄνήραντος
451 4149 552 4206 mutat,
578 4146 685 4192 veteres
704 4137 802 4187 saltem
823 4135 1015 4200 grammaticos
1034 4124 1186 4197 ἀκήρατος,

70 4227 188 4285 producto
206 4238 239 4295 oi,
257 4235 358 4300 legisse
376 4232 477 4295 videri,
498 4230 570 4296 qnod
583 4230 662 4293 patet
673 4242 706 4275 ex
717 4220 874 4288 Etymolog.
894 4237 985 4285 magn.
1002 4237 1062 4285 pap.
1077 4221 1124 4281 47,
1142 4218 1186 4269 46.

69 4317 90 4357 et
105 4314 192 4371 Zonar.
212 4337 239 4384 p.
258 4322 302 4373 99.
326 4320 373 4369 nbi
398 4334 415 4367 a
432 4315 521 4382 γήρας
540 4315 679 4364 derivatur
702 4300 853 4375 ἀκήρατος.
893 4307 1074 4359 Nihilominus
1097 4311 1189 4357 tamen

72 4402 137 4450 tarta
153 4411 194 4455 est
210 4407 365 4457 Ruhnkenii
384 4403 547 4455 emendatio.

132 4503 173 4572 **)
189 4510 258 4563 male
277 4510 352 4562 edita
370 4506 535 4573 exemplaria
554 4493 628 4569 ὁμοῦ
646 4500 822 4569 sequentibus
838 4500 1012 4551 connectunt.
