2884 5184
236 407 276 469 20
563 386 1031 477 corrros'snrrusaus.

236 595 300 654 Sed
315 594 426 654 Glauci
449 594 582 653 cadaver
603 614 664 652 non
682 614 780 674 prope
794 595 923 673 Lyciam
946 602 1133 674 asportatur,
1156 593 1262 654 sedin
1279 593 1388 672 ipsam

235 696 379 773 Lyciam,
401 706 435 756 ut
454 717 494 756 ex
514 697 713 776 sequentibus
734 705 830 776 patet.
875 699 962 774 Lego
985 696 1106 776 itaque:

244 871 248 879 ⁵
363 796 439 857 δῶκε
458 800 545 868 θοοῖς
563 786 698 874 ἀνέμοισι
715 796 818 878 φέρειν
838 797 957 875 Λανέης
977 793 1093 857 πέδον
1113 796 1189 875 αἴης.

236 915 288 973 Sic
308 914 449 995 Euripid.
471 913 553 972 Med.
577 913 649 973 664.
675 908 775 974 πόθεν
795 917 850 992 γῆς
869 904 955 992 τῆσδ’
978 911 1148 995 έπιοτρωφᾷ
1166 910 1283 987 πέδον,
1314 915 1390 969 ibid.

235 1016 306 1075 744.
330 1026 361 1075 et
382 1017 514 1095 saepius.
541 1016 580 1074 cf.
603 1015 719 1093 Reisig.
748 1025 908 1075 comment.
938 1018 1004 1074 erit.
1034 1016 1074 1074 ad
1101 1015 1179 1075 Oed.
1203 1014 1324 1073 Colon.
1358 1035 1390 1091 p.

236 1115 305 1176 181.
337 1118 441 1198 Atque
460 1119 532 1177 hinc
553 1119 627 1178 satis
647 1117 822 1177 defenditur
836 1118 929 1176 lectio
945 1126 1066 1191 nostra,
1089 1137 1280 1198 quamquam
1300 1116 1391 1193 epici

233 1227 346 1297 poeitae
373 1240 455 1279 nunc
484 1221 601 1280 nullum
631 1221 836 1280 testimonium
871 1221 1011 1278 occurrit.
1063 1219 1143 1278 Nolo
1176 1219 1261 1277 enim
1296 1217 1392 1275 abuti

234 1320 296 1379 alio
319 1320 427 1399 Quinti
447 1323 531 1396 loco,
552 1323 605 1382 ubi
627 1324 773 1402 scriptum
792 1329 909 1394 exstat,
933 1319 969 1393 3,
995 1317 1071 1378 159:

359 1412 520 1485 Ἀλκιθόοα
542 1414 573 1483 δ’
596 1413 646 1504 ἄρ’
671 1422 787 1500 ἔπειτα,
811 1412 861 1482 διδ
882 1424 1033 1499 γναθμοῖο
1053 1415 1196 1501 περήσας,

361 1528 498 1606 γλῶσσαν
518 1517 591 1604 ὅλην
611 1515 785 1606 ἆπέκερσεν·
807 1516 824 1584 δ
848 1511 876 1583 δ’
900 1519 929 1596 ές
946 1519 1038 1583 πέδον
1059 1516 1145 1606 ἤριπε
1168 1521 1309 1601 γαίης,

362 1621 571 1706 ἆμπνείων’
594 1621 685 1706 αἰχμὴ
706 1623 739 1686 δέ
756 1614 798 1686 δι’
822 1616 928 1696 οὔατος
949 1618 1130 1703 ἐξεφαάνθη.

234 1744 325 1816 Dixi,
354 1744 437 1801 nolle
465 1762 513 1801 me
540 1742 625 1802 abuti
650 1743 709 1802 hoo
737 1744 817 1802 loco.
862 1741 944 1799 Nam
971 1730 1115 1801 αἰναπνεῖν
1135 1760 1190 1820 per
1214 1759 1247 1797 se
1278 1738 1385 1798 solum

235 1863 296 1901 non
318 1853 365 1901 est
386 1849 550 1918 exspirare,
574 1865 633 1924 quo
656 1843 745 1903 modo
763 1843 876 1901 Latina
899 1843 1112 1923 interpretatio
1132 1843 1243 1901 habet:
1270 1847 1326 1916 qui
1349 1845 1389 1898 ad

235 1953 331 2001 terrae
356 1948 442 2003 solam
458 1949 608 2020 procubuit
628 1953 790 2020 exspirans.
835 1943 899 2003 Imo
923 1932 1069 2004 ἀναπνεῖν
1086 1945 1220 2003 viventis
1243 1952 1311 2001 est.
1345 1944 1386 2001 cf.

234 2045 379 2123 Xenoph.
401 2045 502 2106 Anab.
525 2048 561 2121 4,
595 2047 627 2123 1,
652 2045 703 2104 22.
747 2047 881 2123 Dionys.
905 2046 977 2124 epit.
1003 2045 1057 2119 15,
1082 2045 1111 2105 3.
1131 2047 1214 2105 Hinc
1238 2045 1279 2120 3,
1307 2044 1386 2104 536.

233 2146 375 2206 Minerva
397 2148 550 2209 Achillem
571 2160 721 2210 mortuum
746 2147 904 2229 perfundit
923 2148 1089 2221 ambrosia,
1114 2169 1173 2229 quo
1194 2149 1285 2207 facto

360 2251 439 2326 θῆαι
460 2239 491 2308 δ’
512 2238 565 2330 ἄρ’
584 2234 733 2330 ἑρσήεντα
747 2247 799 2310 καὶ
819 2248 932 2309 εἴκελον
952 2240 1185 2326 δμπνείοντι.

234 2366 332 2445 Quid,
357 2367 439 2447 quod
457 2368 499 2440 is,
525 2369 574 2428 cui
598 2378 667 2449 post
682 2390 824 2447 magnam
841 2367 1044 2427 calamitatem
1060 2387 1100 2426 ex
1115 2369 1276 2445 insperato
1294 2369 1388 2427 salus

234 2470 376 2546 affulget,
399 2456 544 2528 ἆναπνεῖν
564 2469 688 2543 dicitur,
708 2480 742 2529 ut
762 2470 885 2529 Achille
907 2477 1025 2529 mortuo
1047 2469 1191 2546 'Projani,
1215 2467 1251 2540 4,
1281 2465 1339 2525 22.

923 2568 1022 2662 ἦηδιρ
1044 2571 1099 2642 ito

361 2681 509 2763 βλημένου
531 2671 681 2761 αἰμπνεύ
687 2701 767 2744 σειν
787 2680 898 2765 Τρώων
918 2679 1056 2764 έρικνδὲα
1078 2686 1166 2760 φῦλα.

234 2784 269 2861 9,
292 2786 364 2846 470.
387 2787 593 2859 PhilocteteS,

694 2878 710 2950 δ
735 2880 767 2948 δ’
790 2881 961 2966 ἅμπνοεν
981 2882 1014 2947 ἔνι
1034 2878 1202 2965 κακότητος.

233 3003 429 3088 Quapropter
443 3006 517 3064 mibi
535 3003 658 3085 quidem
674 3006 940 3084 persuasissimum
956 3014 1016 3078 est,
1033 3003 1199 3083 legendum
1218 3026 1293 3066 esse
1310 3009 1335 3066 l.
1356 3031 1383 3068 c.

574 3102 576 3106 ⁸
646 3096 662 3165 δ
685 3096 715 3165 δ’
740 3105 770 3180 ές
789 3099 881 3168 πέδον
896 3099 996 3187 ἤριπε,
1018 3096 1132 3187 βαιδν

361 3195 562 3283 ἆμπνεέων.

233 3295 329 3367 Βαιδν
349 3293 495 3364 ἆναπνεῖν
518 3306 598 3365 enim
621 3306 762 3368 dicuntur
783 3311 821 3384 ii,
846 3311 898 3392 qui
913 3320 966 3370 aut
985 3311 1146 3372 formidine
1163 3316 1307 3395 perculsi
1324 3330 1382 3378 aut

231 3409 386 3468 vulnerati
413 3409 552 3488 spiritum
578 3429 671 3488 aegre
699 3411 824 3472 ducunt.
875 3412 943 3487 Sic,
977 3411 1014 3486 3,
1044 3411 1115 3474 368.
1147 3417 1301 3493 lbojani,
1338 3420 1382 3479 ab

230 3510 330 3589 Ajace
346 3512 380 3570 in
399 3510 503 3590 fugam
520 3513 618 3586 versi,
1248 3524 1251 3529 '

503 3605 704 3698 πεπταμένησι
727 3611 824 3698 πύλης
840 3608 979 3694 έπέχνντο
998 3609 1109 3695 πόληος

356 3706 468 3798 βαιδν
486 3707 777 3793 ἆναπνείοντες,
795 3713 857 3777 ἐπεὶ
879 3711 973 3796 φόβος
989 3703 1061 3800 ἦτορ
1079 3718 1192 3780 ἵκανεν.

230 3833 283 3893 Sic
312 3856 434 3914 quoque
457 3833 492 3907 3,
520 3834 597 3908 340,
626 3833 787 3907 Paridem,
814 3835 950 3913 graviter
973 3834 1167 3896 vulneratum
1192 3838 1232 3897 ab
1254 3839 1378 3918 Ajace‚

230 3934 319 3991 amici
340 3936 488 4013 eripiunt,
512 3944 605 4015 atque

356 4032 458 4101 ἵπποις
475 4023 652 4114 Ἑατορέοισι
674 4033 767 4118 φέρον
785 4034 852 4096 ποτὶ
879 4029 993 4116 Τρῶἴον
1012 4031 1085 4100 δι’στο

357 4120 469 4198 βαιδν
489 4124 533 4190 ἔτ’
551 4124 780 4211 ιἠιπνείοντα
802 4136 853 4198 καὶ
874 4131 1020 4218 ἀργαλέον
1039 4132 1236 4220 στενάχοντα,

228 4229 281 4288 ubi
306 4229 386 4288 male
413 4228 584 4308 έμπνείονια
613 4236 720 4297 editur.
766 4241 935 4300 Praeterea
961 4264 1034 4303 vero
1057 4234 1146 4323 βαιδν
1164 4247 1230 4304 sive
1252 4237 1378 4308 τυτθὸν

227 4318 374 4387 αἰνιιπνεῖν
408 4331 548 4393 dicuntur
580 4336 621 4408 ii,
661 4341 713 4417 qui
746 4343 904 4422 paulisper
936 4356 1114 4405 recreantur
1146 4368 1164 4404 a
1196 4346 1375 4421 laboribus,

227 4439 260 4488 ut
279 4431 314 4503 4,
337 4431 387 4491 64.
