2884 5184
253 436 294 496 60
592 441 790 491 onacuns
810 441 1043 490 meremus

253 628 300 679 est
326 615 469 697 Apellen.
496 614 597 675 Rhod.
627 614 662 687 1,
695 612 774 686 806,
806 614 889 674 unde
919 613 1062 695 περλσυον
1089 615 1305 693 corrigendum
1344 619 1379 675 in

253 719 365 790 altero,
386 717 497 776 misere
519 714 674 786 mutilato,
696 714 835 793 respexit
856 712 897 772 ad
916 713 1061 793 Apellen,
1084 715 1117 789 1,
1140 713 1208 774 818.

418 817 486 887 ἄλλ’
509 820 571 887 οἶαι
593 829 699 908 κοῦροι
717 825 844 904 ληΐτιδις
863 824 897 886 ἕν
914 847 945 887 τε
965 821 1101 904 δόμοισιν

419 925 452 1003 ἕο
472 949 502 987 τε
518 920 616 1006 χόροις
632 916 728 1007 ἀγορῇ
749 946 779 986 σε
799 921 851 985 sai
871 924 1036 1010 εἰλαπίνῃσι
1054 924 1184 1005 μέλοντο.

254 1043 481 1122 Sylbnrgianae
496 1045 601 1124 itaque
616 1043 802 1121 scripturae,
824 1037 934 1116 ληῑσσλς
948 1040 1034 1100 nulla
1050 1041 1214 1100 auctoritas
1230 1061 1266 1101 er
1279 1043 1382 1102 Phur-

253 1152 327 1202 nuto
350 1142 499 1202 accedere
520 1150 637 1222 potest,
659 1143 719 1199 imo
740 1141 832 1200 etiam
851 1140 884 1198 in
905 1142 963 1199 hoo
982 1142 1130 1219 scriptore
1145 1141 1232 1199 litera
1245 1142 1382 1215 sibilans,

253 1242 333 1300 male
354 1242 484 1312 intrusa,
506 1238 659 1317 ejicienda
682 1247 738 1298 est.
775 1239 891 1297 Verum
912 1247 1008 1299 restat
1027 1239 1120 1297 etiam
1135 1239 1230 1298 altera
1244 1243 1383 1320 quaestio

212 1351 237 1392 is
255 1337 445 1398 subdifficilis
463 1336 502 1396 de
519 1344 657 1395 accentu.
680 1334 849 1414 Oxytonon
863 1356 972 1396 vocem
989 1337 1128 1396 scribunt
1141 1337 1383 1415 Etymologicum

255 1447 286 1498 et
300 1438 490 1508 Phurnutus‚
510 1435 623 1515 reliqui
642 1435 825 1513 berytonon.
861 1434 913 1492 Ex
934 1435 1010 1494 locis
1032 1444 1194 1515 poetarum
1212 1457 1272 1496 non
1289 1447 1382 1516 petet,

253 1546 354 1597 utrum
374 1535 509 1595 secunde
534 1555 574 1593 an
592 1535 683 1594 tertia
706 1533 828 1613 syllaba
848 1532 982 1593 notanda
1000 1534 1048 1591 sit.
1072 1525 1178 1611 (λήῖσις
1196 1535 1287 1597 habet
1302 1536 1381 1594 Pha-

253 1635 409 1713 vorinus3)
443 1635 537 1711 ληΐσις
563 1632 675 1693 Suidss
703 1642 735 1692 et
759 1632 862 1691 lexica
887 1631 1077 1704 recentiora,
1114 1632 1199 1712 qnod
1227 1635 1381 1693 manifeste

253 1736 365 1793 falsum
394 1740 450 1791 est.
494 1732 620 1790 Rectius
654 1730 828 1810 Stephanus
861 1738 892 1791 et
924 1730 1059 1810 Scapula
1093 1731 1195 1807 ληῑιις.
1240 1734 1382 1792 Veterum

253 1831 516 1911 grammaticorum
538 1829 577 1888 de
599 1837 728 1888 accentu
742 1829 833 1905 hujus
847 1831 933 1889 vocis
948 1829 1162 1890 disserentium
1178 1834 1383 1891 auctoritatem

254 1929 405 1991 desidero.
449 1928 513 1989 Sed
541 1936 575 1987 ut
603 1948 622 1986 a
647 1925 767 2004 πολίτης
797 1930 910 1999 πολῖτις
941 1937 1002 2001 est,
1035 1929 1079 1988 sic
1112 1931 1206 2006 ληῖσις
1235 1951 1255 1989 a
1282 1932 1384 2007 ληΐτης,

255 2030 393 2113 quamvis
417 2029 518 2106 ληΐσης
534 2050 596 2089 non
618 2037 767 2089 occurrat.
788 2062 830 2072 —
857 2029 972 2089 Verum
990 2029 1180 2089 redeundum
1200 2039 1250 2090 est
1272 2031 1312 2089 ad
1330 2020 1381 2089 Ea-

256 2132 402 2190 ctantium
421 2137 566 2189 nostrum.

619 2315 691 2373 Lm.
714 2313 757 2371 11.
782 2329 852 2372 oss.
878 2311 925 2371 10.
948 2310 979 2388 ἓ.
1002 2312 1032 2370 4.

341 2469 484 2540 „Dromas
507 2469 587 2525 Plato
615 2469 765 2547 humanam
780 2467 905 2540 formam
925 2463 1045 2540 θεοειδῆ
1065 2481 1123 2522 esse
1143 2469 1196 2538 ait,
1226 2474 1256 2524 et
1278 2470 1386 2543 Sibylla,

256 2583 327 2641 quae
348 2569 427 2637 dicii:

421 2651 509 2720 sisois
529 2648 588 2718 ἔστ’
611 2650 773 2738 ἅνθρωπος
791 2651 845 2739 ἐμὴ
867 2650 955 2739 λόγον
972 2648 1069 2740 ὀρθὸν
1084 2654 1225 2738 ἕχοοσσι.“
1244 2706 1248 2711 .

255 2763 307 2823 ubi
329 2781 446 2832 ειιιωνες
466 2762 532 2820 sine
553 2749 613 2819 ἔστ’
629 2760 660 2819 Α
675 2769 706 2820 et
720 2759 756 2820 O.
777 2764 863 2820 iosos
881 2781 972 2840 αρτον
991 2761 1031 2820 A.
1054 2750 1152 2838 ἆρθσν
1173 2759 1208 2820 O.
1231 2757 1342 2840 ἔχοισα
1359 2766 1388 2822 Β.

256 2863 370 2924 Omnes
397 2870 459 2920 tres
486 2868 649 2940 praeterea
677 2880 732 2939 pro
754 2859 874 2937 θεοειδῆ
904 2859 1059 2919 theoidem
1081 2861 1147 2920 sive
1169 2861 1327 2923 theoiden
1343 2867 1386 2924 ba-

254 2965 337 3023 bent.
388 2961 530 3022 Occurrit
555 2980 664 3019 versus
686 2960 717 3019 in
740 2959 901 3039 Sibyllinis
930 2957 983 3017 lib.
1009 2957 1038 3017 8.
1073 2980 1103 3016 v.
1131 2957 1203 3018 402.
1240 2964 1338 3023 nulla
1363 2966 1387 3022 in

255 3062 345 3122 editis
369 3062 530 3120 varietate.
573 3061 688 3119 Verum
717 3057 816 3119 codex
844 3059 999 3118 Lactantii
1023 3059 1101 3118 haec
1122 3058 1235 3118 babet:
1269 3065 1388 3138 Denique

254 3162 334 3216 Plato
369 3161 519 3215 humanam
552 3160 675 3230 semaam
703 3160 867 3217 ΤΙιεοιιίδοιιι
897 3176 957 3217 esse
984 3163 1038 3227 ait,
1075 3164 1102 3215 et
1131 3159 1220 3215 sibilla
1249 3179 1313 3234 quc
1338 3166 1389 3219 διἰδ

252 3274 353 3331 ymspo
381 3271 411 3311 es
432 3257 511 3310 bomo
541 3254 708 3313 ikeecmerr
736 3260 848 3315 verbam
870 3264 1027 3335 anepntoc
1057 3262 1162 3314 rectum
1184 3274 1388 3338 ennaoyonop

254 3356 359 3412 habens
372 3353 566 3430 Sonexoyea.
596 3352 658 3411 Ubi
672 3354 824 3434 principio
844 3355 1019 3429 notandum,
1039 3355 1195 3414 librarium
1212 3353 1326 3418 denuo
1345 3378 1386 3416 vo-

255 3473 322 3513 cem
343 3452 484 3510 Latinam
505 3471 560 3530 pro
584 3450 706 3510 Graeca
729 3454 891 3531 habuisse3
918 3456 984 3514 sine
1007 3454 1098 3513 dubio
1120 3454 1199 3513 enim
1224 3455 1275 3514 sic
1304 3457 1388 3519 verba

252 3550 418 3612 dividenda
440 3558 522 3610 sunt:
544 3549 660 3624 „ikrrec
681 3571 743 3611 mea
766 3542 907 3612 verbam.“
943 3554 1002 3613 His
1023 3553 1120 3612 tribus
1141 3553 1242 3612 literis
1268 3556 1387 3635 rejectis

251 3659 369 3713 restant
388 3651 482 3709 haec:

418 3783 469 3822 ικν
488 3782 516 3833 ες
537 3764 692 3840 ανθρωσος
711 3782 767 3840 epp
788 3765 876 3841 loyes
895 3752 991 3843 ὀρθὸν
1008 3761 1135 3841 ἔχουσα,

253 3862 336 3943 quod
358 3870 404 3922 est
1195 3924 1200 3931 ,

414 3952 503 4020 εἰκὼν
522 3951 564 4032 εἷς
581 3950 744 4038 ἅνθρωπος
763 3947 818 4034 ἐμὴ
839 3952 928 4036 λόγον
950 3947 1048 4037 ὀρθὸν
1069 3954 1185 4034 ἔχουσα,

251 4082 344 4154 atque
367 4065 408 4145 εἷς
428 4095 484 4153 pro
507 4063 567 4133 ἔστ’
590 4095 652 4133 non
674 4075 773 4133 solum
795 4073 957 4152 sequentia
979 4072 1010 4128 in
1033 4070 1196 4149 Sibyllinis
1218 4078 1387 4149 postulant,

250 4171 302 4229 ubi
330 4172 465 4231 secunda
494 4193 628 4251 persona
658 4194 779 4252 semper
801 4179 928 4248 regnat,
958 4167 1128 4228 sedetiam
1149 4176 1213 4227 tum
1239 4177 1386 4256 scriptura

208 4293 233 4334 19
252 4266 369 4336 εἴκωνες
388 4271 420 4326 in
438 4271 593 4329 veteribus
616 4271 814 4342 editionibus,
835 4278 899 4328 tum
917 4269 1128 4347 interpretatio
1144 4268 1283 4343 Latina,
1312 4280 1386 4347 imopo

250 4362 396 4442 arbomo,
426 4369 593 4426 confirmat.
