2884 5184
276 428 316 489 84
617 435 817 483 osscnns
840 435 1074 483 mosomus

277 620 370 681 terra,
397 620 425 668 el
449 616 503 668 erit
527 612 701 685 σείονποθιε
731 610 805 667 orbis
828 616 911 683 atqua
930 611 1070 680 dam,
1098 611 1172 682 qaod
1191 609 1380 665 moereantur

278 715 417 787 Sibyllini}
436 717 474 768 ι’ῖα
495 714 610 768 dicitur:

403 808 485 870 ἔσται
505 801 617 887 κόσμος
637 800 769 885 άιιοσμος
788 799 1001 885 ἀπολλυμένων
1022 798 1228 889 άυθράπων.“

275 926 362 985 Nihil
384 927 520 984 variatur
543 944 645 1004 neque
671 926 703 982 in
733 923 822 983 editis
849 924 1006 982 Lactantii
1034 920 1277 1002 exemplaribus,
1303 941 1381 1000 neque
1408 902 1410 977 l

275 1029 307 1085 in
331 1026 492 1105 Sibyllinis
512 1026 711 1097 carminibus,
734 1024 787 1083 ubi
808 1026 859 1084 hie
880 1044 987 1083 versus
1012 1032 1114 1082 exstat
1135 1025 1164 1082 7.
1191 1045 1222 1081 v.
1249 1021 1328 1095 123„
1342 1043 1382 1080 ne-

276 1147 336 1207 que
358 1128 390 1186 in
412 1125 519 1186 codiee
544 1134 664 1198 nostro,
685 1126 746 1184 nisi
767 1125 851 1205 qnod
873 1124 949 1184 duas
971 1143 1065 1183 voees
1087 1122 1168 1183 ἔσται
1190 1117 1297 1201 κόσμος
1312 1123 1381 1182 libra·

276 1229 340 1286 rius
360 1229 470 1286 omisit.

594 1394 665 1452 Lm.
686 1393 758 1452 VH.
783 1411 854 1452 css.
878 1391 925 1451 18.
950 1390 980 1468 ἓ.
1005 1392 1034 1450 5.
1058 1393 1088 1451 6.

362 1528 502 1601 „Sibyllae
522 1544 628 1602 qnoque
649 1546 704 1584 non
726 1529 807 1584 aliter
826 1528 892 1600 fore
911 1529 1072 1597 ostendum,
1094 1545 1178 1600 quom
1198 1535 1230 1583 ιιι
1251 1531 1295 1583 σοι’
1303 1530 1382 1599 filiurn

275 1643 380 1684 summo
399 1637 485 1700 patre
512 1634 560 1700 (eo
586 1645 692 1685 summa
720 1647 739 1683 α
755 1634 841 1700 patre
865 1646 891 1685 ο.
914 1623 966 1703 R.)
993 1630 1131 1697 πέλουσαν,
1157 1632 1206 1700 qm·
1226 1632 1293 1701 (quo
1310 1647 1331 1684 ο.
1346 1626 1382 1701 Β.)

275 1737 303 1784 ολ
329 1732 414 1784 iustos
443 1731 538 1786 liberet
564 1732 598 1784 σε
623 1731 749 1786 monimo
772 1732 918 1801 impiorum
936 1735 962 1783 et
981 1729 1096 1783 iniustos
1116 1744 1179 1783 eum
1202 1734 1382 1800 tyronm'ssoe·

275 1828 405 1883 aientibus
426 1829 528 1897 deleat,
552 1846 567 1885 e
587 1831 684 1903 quibus
700 1847 758 1886 ιιιεα
778 1833 821 1885 sic
842 1831 955 1885 tradidit
976 1829 1084 1895 (tradit.
1108 1845 1134 1884 e.
1156 1826 1227 1903 R.):

403 1933 465 2016 ἥξει
486 1939 537 2000 sol
558 1939 702 2021 μακάρων
724 1937 837 2001 ἐθέλων
854 1939 943 2002 πάλιν
963 1934 1158 2017 ἐξαλαπάξαι,

405 2038 456 2101 nal
475 2038 530 2118 μέν
550 2065 594 2114 τις
614 2036 728 2103 θεόθεν
747 2037 884 2119 βασιλεὺς
900 2040 1049 2119 πεμφθεὶς
1070 2033 1117 2101 ἐπ’
1141 2042 1227 2103 ἰδίων

402 2135 516 2215 πάντας
536 2133 601 2205 ὀλεῖ
617 2145 748 2223 βασιλεῖς
768 2138 912 2222 μεγάλους
933 2141 985 2203 καῖ
1006 2147 1107 2221 φῶτας
1128 2133 1268 2224 άρέστους

403 2236 464 2303 εἷθ’
488 2234 580 2316 οὕτως
599 2250 740 2323 κρινεῖται
758 2234 813 2304 ὑπ’
833 2234 966 2320 άφθίτου
989 2234 1212 2323 άνθράποισι,“

275 2359 414 2440 adquae
435 2361 545 2434 verba,
575 2384 630 2441 pro
651 2364 772 2435 mirum,
796 2362 1012 2422 Bunemennus
1035 2363 1119 2421 Isaei
1138 2370 1242 2420 notam
1263 2357 1381 2418 transcri-

273 2461 333 2538 psit
353 2449 517 2534 ,,άφθίτου.
551 2463 599 2520 Ita
619 2464 689 2540 lego
713 2483 781 2521 oum
796 2465 838 2521 M.
855 2463 979 2523 Masuro
1000 2473 1126 2543 propter
1142 2462 1231 2521 metri
1249 2461 1381 2521 rationem

274 2560 353 2616 sicut
373 2567 420 2616 est
441 2561 472 2616 in
488 2561 564 2617 Bon.
588 2571 619 2620 et
633 2563 681 2621 ed.
697 2563 834 2623 Florent.
850 2586 911 2623 non
926 2553 1082 2640 άφθίτοις,
1102 2573 1136 2623 nt
1153 2565 1186 2621 in
1200 2559 1380 2621 ο1ἰίεεθίλίι.“

275 2656 339 2716 Sed
362 2646 495 2733 άφθῖτου
512 2662 609 2718 nostri
632 2662 755 2740 quidem
776 2685 881 2725 omnes
904 2664 949 2738 A,
971 2665 1013 2739 Β,
1036 2665 1077 2738 O,
1096 2666 1137 2724 D.
1159 2654 1380 2739 άφθλτοιςεΙιι·

275 2761 388 2817 otantio
408 2779 482 2819 vero
508 2760 602 2819 citent
622 2761 713 2820 etiam
735 2764 895 2842 Betulejus
921 2775 951 2824 et
974 2765 1157 2846 Opsopaeus
1182 2762 1222 2822 ad
1244 2761 1380 2840 Sibyllina.

274 2857 338 2919 Sed
364 2860 494 2919 ridicula
522 2869 569 2920 est
595 2862 673 2920 haee
695 2864 785 2921 metri
811 2883 884 2921 cura
910 2867 943 2921 in
967 2867 1057 2939 viris,
1090 2867 1144 2947 qui
1175 2854 1224 2923 ἐπ’
1247 2861 1326 2923 ἰδίων
1343 2880 1379 2941 pro

273 2961 373 3019 ionico
392 2981 410 3019 a
433 2964 542 3022 minori
561 2972 592 3022 et
611 2965 753 3042 κρινεῖται
773 2983 829 3041 pro
850 2963 984 3022 molosso
1005 2965 1121 3025 habere
1139 2975 1311 3045 potuerunt.
1340 2961 1378 3021 Oo-

272 3069 339 3120 tera
371 3064 447 3122 vitia
478 3065 645 3124 editionum
676 3065 847 3123 transmitto
878 3063 1012 3122 silentio.
1056 3066 1171 3124 Verum
1205 3062 1257 3124 καὶ
1284 3063 1332 3143 μέν
1351 3083 1379 3130 τις

230 3183 256 3222 oo
274 3163 368 3221 solius
389 3164 581 3222 Bunemanni
603 3164 742 3243 sphalma
763 3163 894 3223 videtur.
939 3163 1030 3223 Nam*
1042 3165 1138 3223 ceteri
1160 3185 1265 3225 omnes
1284 3162 1329 3223 καῖ
1345 3158 1379 3219 so

274 3282 325 3329 τις.
371 3261 588 3340 comparemus
611 3266 672 3321 iam
690 3263 831 3342 Sibyllae
854 3265 1004 3336 earmina,
1027 3262 1056 3321 5.
1076 3285 1105 3322 v.
1132 3264 1201 3325 106.
1226 3286 1293 3345 sqq.

399 3367 462 3453 ἥξει
483 3367 512 3435 θ’
534 3364 575 3437 αὖ
594 3370 740 3459 μακάρων
761 3376 874 3439 ἐθέλων
894 3373 983 3441 πάλιν
1004 3372 1198 3455 ἐξαλαπάξαι,

399 3466 491 3537 πάκεῖ
506 3500 549 3549 τις
568 3475 680 3538 θεόθεν
702 3471 850 3557 σθεναρὸς
871 3469 1007 3558 βασιλεθς
1028 3476 1209 3556 ἐκπεμφθεὶς
1255 3467 1263 3480 ’

366 3650 373 3662 .
398 3571 512 3651 πάντας
532 3569 596 3639 ὀλεῖ
609 3581 738 3659 βασιλεῖς
759 3572 905 3659 μεγάλους
927 3575 978 3638 καὶ
999 3572 1111 3656 άυδρας
1131 3570 1284 3659 άρέστους,

399 3671 461 3738 εἷθ’
481 3672 573 3752 οὕτως
591 3678 672 3753 τέλος
692 3679 774 3741 ἔσται
795 3673 927 3756 άφθιτου
950 3668 1169 3759 άνθράποισιν,

269 3793 321 3852 nbi
347 3794 379 3851 in
404 3795 538 3855 seeundo
568 3818 661 3856 versu
682 3798 815 3855 maxime
840 3816 858 3854 e
880 3796 1030 3874 scriptura
1050 3797 1206 3856 Lactantii
1229 3794 1373 3855 disceditur·

270 3893 333 3952 Sed
356 3895 448 3972 paulo
471 3905 542 3956 ante
564 3898 595 3956 in
615 3896 777 3975 Sibyllinis
800 3895 849 3953 hie
870 3916 993 3976 quoque
1016 3918 1124 3956 versus
1145 3897 1274 3974 legitur:

396 4007 447 4068 ιιαλ
464 4009 567 4083 Κισσῖς
589 4006 702 4073 θεόθεν
720 4001 857 4089 βασιλευς
876 4009 1023 4087 πεμφθεὶς
1043 4009 1091 4070 έπῖ
1109 4013 1228 4086 τοῦτον,

268 4121 307 4180 ad
330 4143 420 4202 quem
441 4125 541 4184 looum
563 4126 607 4184 ita
623 4124 822 4205 Opsopaeus:
846 4127 938 4199 „Non
962 4136 1024 4200 est,
1049 4127 1131 4207 quod
1152 4127 1274 4186 labores
1289 4121 1370 4184 dehoc

268 4220 348 4279 Cissi
373 4243 465 4299 rege:
498 4246 605 4283 versus
636 4237 683 4285 est
709 4229 819 4305 partim
851 4228 994 4299 vitiosus,
1027 4230 1137 4306 partim
1166 4228 1246 4286 mele
1272 4227 1369 4285 locatus,

266 4319 357 4380 Tolle
386 4342 468 4395 eum,
498 4327 650 4383 sententis
676 4329 733 4385 erit
754 4329 927 4407 perspicua.
973 4327 1037 4387 Sed
1059 4330 1112 4387 nbi
1132 4326 1319 4407 reponendus
1336 4320 1367 4377 υἱέ·

264 4436 326 4473 non
353 4421 481 4494 perinde
504 4423 612 4500 liquet.
657 4427 782 4485 Lubens
805 4437 977 4487 extererem
999 4430 1122 4488 tertium
1141 4449 1160 4487 a
1181 4429 1243 4487 fine
1264 4434 1292 4486 et
1311 4425 1367 4481 hunc
