2884 5184
270 440 312 502 86
610 449 807 497 calcum
830 448 1065 497 smmum

271 628 332 687 Per
354 645 388 685 ac
402 623 607 684 Lactantiana
628 623 779 702 scriptura
797 623 830 681 in
851 622 947 701 priori
965 642 1058 682 vorsu
1072 624 1245 704 vituperari
1258 645 1320 682 non
1334 632 1384 702 pol·

272 736 334 802 cat3
363 745 435 785 nam
455 721 579 801 πέμψειε
595 744 651 804 pro
669 718 781 799 πέμψει
799 723 873 781 satia
895 721 1102 784 adstruximus
1124 745 1219 803 snpra
1240 724 1283 782 ad
1300 726 1331 796 4,
1350 723 1386 793 15,

272 824 324 886 29.
362 825 427 886 sed
447 825 659 897 nihilominus,
678 822 834 884 codicibus
852 823 1046 900 jubentibus,
1069 823 1294 903 Sibyllinorum
1311 825 1387 884 lectio

270 925 461 987 restituenda
478 946 602 1008 quoquc
615 926 787 985 Lactantio.
822 925 956 984 Puteani
975 925 1099 1004 quidem
1123 925 1225 986 codcx
1240 928 1293 986 hic
1307 926 1386 984 similo

271 1029 383 1101 fatum,
407 1027 500 1109 qualo
523 1035 642 1099 noster,
670 1045 780 1106 paeana
803 1024 936 1085 videtur.
979 1026 1063 1086 Hinc
1083 1025 1268 1106 Opaopaoua
1295 1032 1387 1101 οιιίίςίο

270 1137 374 1188 tamon
394 1128 590 1188 membranae
611 1135 675 1187 vet.
696 1136 780 1186 atarc
796 1146 815 1184 a
830 1125 985 1205 Sibyllina
998 1127 1132 1187 lcclionc
1146 1139 1263 1188 narrat,
1298 1128 1387 1188 Oodcr

272 1249 396 1310 quoquc
417 1229 694 1307 Bcgiomontanus,
721 1229 780 1287 ctai
801 1228 941 1306 pluribus
963 1229 1097 1302 omissis,
1124 1237 1227 1290 tamen
1256 1231 1338 1289 claro
1353 1228 1386 1287 in·

273 1329 370 1403 dicat,
399 1350 461 1390 non
490 1329 581 1389 alitor
607 1329 680 1389 olim
703 1327 787 1407 apud
808 1330 1003 1389 Lactantinm
1020 1331 1133 1389 lectum
1154 1331 1261 1391 fuiace.
1308 1330 1386 1389 Simul

230 1452 256 1491 ει
273 1451 348 1490 vero
366 1451 480 1491 novum
501 1430 674 1510 exemplum
695 1429 825 1509 praebet
845 1430 977 1508 stuporis
992 1429 1126 1502 librarii,
1150 1433 1204 1511 qui
1221 1433 1334 1492 Latina
1345 1452 1386 1511 pro

274 1531 402 1608 Graccis
423 1532 545 1607 habuit3
566 1550 637 1591 nam
655 1529 752 1589 verba
765 1529 920 1590 Lactantii
940 1535 1001 1589 ilem
1019 1535 1076 1590 clia
1094 1532 1138 1590 ita
1153 1533 1295 1613 scripsit,
1317 1535 1385 1613 quasi

273 1631 395 1694 Graeca
416 1641 535 1705 coaont,
556 1632 615 1691 hoc
636 1628 743 1690 modo:

521 1733 650 1791 itouana
985 1730 1152 1792 kaitotallc

522 1832 681 1891 aioioOeoc
989 1833 1136 1892 cantaian

523 1931 690 2010 acuoyoka
988 1931 1060 1991 koio

271 2014 302 2072 h.
328 2034 356 2072 c.
380 2017 441 2071 item
461 2018 519 2072 alia

440 2134 492 2173 και
511 2135 561 2175 τοι
578 2136 621 2176 ca
642 2118 731 2176 ελιοιο
753 2120 823 2188 θεος
842 2158 1004 2178 ......

439 2260 446 2274 .
467 2262 476 2278 ,
496 2263 504 2278 .
528 2258 537 2274 .
557 2232 615 2276 σαυ
634 2238 724 2296 γαιαυ
745 2259 896 2276 ......
919 2219 1018 2293 λεμοιο
1033 2236 1146 2278 κακοιο.

272 2318 413 2378 Rcotituc
436 2318 541 2399 itaquo
563 2319 726 2378 Lactantio

341 2470 343 2475 ,
438 2414 489 2476 καί
509 2407 571 2477 τότ’
593 2407 647 2476 cirr'
670 2408 779 2494 ἠελίοιο
795 2407 868 2488 θεὸς
889 2413 1001 2493 πέμψει
1017 2417 1152 2496 βασιλῆα.

731 2584 830 2643 Ibid.
863 2582 894 2659 ἓ.
915 2581 944 2643 8.

307 2718 311 2726 .
358 2669 415 2737 „El
434 2683 536 2725 rursus
556 2670 627 2724 clio:

711 2741 851 2827 ἡμετέρας
870 2747 1003 2821 δουλείας

436 2840 525 2927 ζυγὸν
547 2840 771 2928 δυσβάσταιιιον
790 2843 837 2908 ἐπ’
859 2841 961 2928 αὐχένι
981 2851 1115 2928 κείμενον
1136 2841 1206 2933 cipri
1410 2872 1411 2947 p

435 2945 487 3009 καλ
507 2938 639 3026 θεσμοῦς
660 2938 772 3022 ἆθέους
791 2941 874 3010 λύσει
895 2944 1019 3028 δεσμούς
1041 2972 1070 3011 τε
1087 2951 1237 3031 βιαίους.“
1410 2956 1411 3007 l

174 3122 176 3125 v
269 3052 358 3110 Haec
383 3052 427 3110 ita
448 3072 467 3110 a
485 3051 607 3131 Sibylla
628 3074 690 3112 non
709 3053 850 3133 profecta
872 3073 958 3126 csso,
987 3062 1135 3113 monstrat
1157 3076 1267 3115 vorsus
1291 3077 1381 3116 socon·

270 3150 341 3223 dua,
364 3153 416 3231 qui
437 3152 485 3210 bic
506 3152 639 3211 iambum
657 3174 713 3231 pro
736 3150 873 3232 spondeo
892 3154 995 3213 habet.
1040 3152 1104 3215 Sed
1126 3154 1165 3216 dc
1183 3165 1249 3216 lota
1268 3160 1381 3218 lectione
1410 3136 1411 3187 l

269 3251 433 3309 maximum
457 3251 523 3325 jam
551 3251 675 3310 dubium
702 3264 828 3314 movent
850 3263 974 3315 veteres
1002 3254 1168 3329 editiones,
1197 3278 1278 3337 quac
1295 3277 1380 3318 omncs

200 3346 202 3349 ’
268 3358 332 3408 tros
357 3339 499 3426 ἡμετέροις
524 3344 556 3408 δὲ
577 3342 667 3427 ζυγὸν
689 3350 823 3426 δουλείας
845 3345 1067 3433 δοσβοὶσταιιτου
1087 3359 1248 3443 pracbcnl.
1291 3363 1324 3420 In
1343 3358 1378 3417 si-

268 3449 395 3528 byllinis
416 3449 559 3528 leguntur
580 3451 612 3510 hi
633 3472 742 3512 versus
764 3450 793 3513 8.
816 3475 846 3514 v.
869 3454 941 3515 325.
963 3477 1031 3537 sqq.

433 3539 521 3622 οὗτός
542 3565 596 3612 σου
613 3546 750 3630 βασιλεὺς
771 3545 875 3634 έιιιβολς
897 3552 945 3616 ἐπί
961 3558 1063 3617 ιιῶλον
1083 3551 1182 3639 έσοὶγει

431 3653 525 3733 πρᾶος
543 3654 617 3713 πᾶσι
638 3650 757 3731 φυυελς,
781 3653 832 3714 ἴυοι
853 3677 899 3716 τοι
919 3648 1025 3736 ζυγὸν,
1046 3649 1119 3739 ὅπερ
1136 3651 1271 3740 ὖισῆμευ,

431 3753 539 3813 δοῦλον
558 3745 780 3832 δυσβάστακτου
802 3745 848 3814 ἐπ’
873 3748 974 3835 αὐχένι
996 3758 1130 3838 κείμενον
1149 3748 1223 3846 bip,

433 3849 485 3912 κοιλ
504 3847 634 3930 θεσμούς
656 3848 768 3927 ἀθέους
790 3848 881 3940 λύσῃ,
903 3853 1028 3937 δεσμούς
1046 3882 1076 3921 τε
1094 3861 1226 3942 βιαίους,

265 3952 318 4010 ubi
342 3953 456 4013 rectius
483 3943 573 4035 ὅνπερ
591 3954 623 4029 Ι,
650 3956 698 4030 Π,
728 3955 787 4015 ΠΙ.
815 3945 965 4037 ἀθέσμους
985 3983 1041 4042 pro
1063 3953 1174 4037 ἀθέους
1194 3968 1224 4040 Ι,
1247 3967 1287 4024 Π.
1326 3960 1375 4020 Sed
1409 4002 1410 4039 ,

264 4044 363 4129 έσοὶγει
385 4074 478 4113 vorsu
503 4056 599 4133 primo
630 4077 693 4117 non
720 4059 819 4118 minus
846 4069 975 4121 metrum
1000 4065 1111 4141 violat3
1146 4067 1178 4124 in
1204 4068 1291 4125 tcrtio
1315 4081 1373 4120 vero
1409 4062 1410 4079 ¹

263 4172 356 4211 versu
374 4152 487 4231 pedum
503 4156 641 4234 legitimo
663 4178 805 4219 mensura
826 4161 975 4241 procedit.
1018 4164 1070 4222 Ex
1088 4186 1144 4224 auo
1168 4164 1315 4225 Lactantii
1333 4180 1371 4219 co·

265 4249 334 4310 dico
356 4253 432 4312 nihil
451 4264 556 4314 enotat
576 4256 774 4337 Opsopacus,
796 4281 836 4319 cx
857 4262 981 4340 ingenio
1003 4265 1071 4342 ipsc
1091 4267 1135 4325 ita
1155 4268 1319 4344 corrigens:

222 4363 248 4402 oo
291 4374 294 4380 ·
724 4341 776 4402 λυοι
795 4335 935 4424 ἡμετέρας
956 4346 1090 4420 δουλείας

431 4435 529 4511 ζεῦγος
547 4432 770 4517 δυσβάσιαυτου
787 4464 815 4502 ιι.
834 4465 859 4503 τ.
877 4448 902 4505 λ.
