2884 5184
249 449 289 506 54
583 451 781 500 ORACULA
804 448 1040 497 SIBYLLINA

332 628 418 688 Nihil
439 627 560 685 variant
582 624 733 686 editiones
752 631 885 683 veteres.
929 622 1105 702 Respieitur
1128 620 1168 680 ad
1189 641 1314 681 veroum
1335 619 1376 679 Si·

248 729 370 807 byllae,
392 745 482 806 quom
501 722 692 803 Theophilus
713 723 736 780 l.
759 743 785 781 c.
807 721 944 780 servavit
965 721 1082 799 (Praei.
1104 741 1134 778 v.
1161 718 1240 797 17.),

374 811 551 901 αὖτογενὴς,
572 812 713 898 ἀγένητος
734 811 852 879 ἅπαντα
873 820 992 898 κρατῶν
1011 811 1187 893 διᾶπαντος,

249 924 289 983 ad
315 942 406 1004 quom
433 923 534 981 locum
560 919 743 999 Opaopaeuo
771 938 832 977 non
857 918 988 977 absurde
1015 918 1156 995 aonjioit,
1188 917 1379 975 Lactantium

248 1044 304 1103 pro
331 1013 492 1089 διᾶπαντος
518 1018 633 1094 legisse
662 1004 809 1094 ἇποίητος.
854 1015 918 1075 Sed
945 1017 1038 1076 tutius
1058 1016 1193 1089 videtur,
1225 1015 1286 1074 duo
1307 1015 1380 1071 haec

248 1119 344 1180 verba
369 1128 403 1175 et
428 1110 610 1192 ἀποίητος
637 1114 731 1195 (quae
755 1124 857 1175 tuetur
885 1116 977 1174 etiam
998 1114 1066 1174 eod.
1088 1114 1230 1191 Vratiel.)
1260 1135 1278 1172 e
1298 1120 1380 1171 textu

249 1217 402 1278 Lactantii
425 1216 549 1294 ejicere.
594 1213 675 1272 Nam
702 1215 747 1272 aia
772 1212 871 1273 codex
898 1221 1016 1271 noster:
1045 1216 1178 1287 „ideoque
1205 1215 1241 1269 ob
1263 1215 1381 1284 Apolline

248 1322 320 1376 ultro
345 1320 529 1391 eminatas,
557 1322 716 1389 aytooono
744 1297 936 1386 (αὐτοφυὴς)
963 1320 989 1368 et
1015 1331 1033 1368 a
1062 1312 1166 1386 Sibylla
1194 1315 1270 1369 ultro
1297 1317 1378 1371 notu,

209 1431 233 1469 to
251 1424 427 1494 aytoyenno
448 1397 635 1487 (αὖτογενὴς)
656 1426 709 1466 aec
727 1416 840 1466 oreatus
860 1416 1017 1487 apeuutoc
1038 1397 1199 1488 (ἆρένητος
1208 1430 1265 1490 pro
1283 1399 1379 1486 olye'rr

251 1534 314 1588 τος,
342 1512 450 1573 eadem
468 1511 624 1570 literarum
645 1528 663 1587 ρ
684 1515 715 1567 et
736 1528 755 1584 y
777 1506 973 1578 oont'ueione,
1001 1526 1092 1586 quam
1112 1508 1173 1566 iam
1192 1528 1290 1587 supra
1311 1506 1378 1565 vidi-

252 1611 330 1689 mus)
347 1615 532 1670 nominatur.“
572 1609 740 1667 Praeterea
759 1626 814 1684 pro
838 1597 996 1684 ἆγέννητος
1015 1605 1226 1685 reponendum
1248 1608 1284 1666 in
1302 1615 1379 1665 textu

253 1709 405 1770 Laetantii
426 1698 575 1786 ἆγένητος.

602 1855 672 1912 Lm.
695 1854 721 1911 I.
745 1871 816 1912 cnr.
840 1852 929 1912 VIII.
952 1851 983 1930 ξ.
1007 1852 1036 1912 3.
1112 1806 1116 1813 ·

339 1992 439 2060 „llam
464 1992 532 2047 milti
558 1993 592 2048 de
620 1997 697 2045 tanta
719 1991 865 2061 majestate
886 1992 998 2061 saepius
1017 1993 1157 2063 comant,
1185 1995 1235 2063 qai
1255 1993 1322 2049 daos
1341 2010 1375 2048 co-

254 2094 329 2168 lunt,
351 2093 488 2149 interdum
511 2093 598 2148 videri
617 2091 705 2147 soleat
723 2095 778 2145 tom
797 2090 887 2158 coeci,
909 2093 965 2142 tom
982 2089 1181 2162 inaequabiles,
1204 2097 1261 2146 tom
1285 2108 1378 2147 excor-

254 2192 314 2256 des.
342 2197 398 2247 lom
417 2209 473 2248 non
494 2193 606 2247 mallum
625 2193 706 2245 matra
727 2187 892 2244 animalibus
911 2187 1082 2260 differentes,
1106 2192 1154 2261 qai
1173 2191 1304 2258 credant,
1333 2206 1379 2255 eoa,

254 2294 303 2363 qui
322 2295 406 2365 ueniti
423 2299 487 2349 sunt
509 2293 596 2346 moris
617 2304 652 2345 oc
672 2287 795 2360 feminae
815 2288 901 2352 coitu,
927 2287 1032 2358 ola'qur'cl
1051 2289 1205 2358 majestatis
1228 2288 1379 2361 divinaeque

254 2392 360 2447 oirlatt'a
377 2391 481 2446 liobam
496 2392 637 2462 patariae:
658 2403 742 2459 qaam
764 2385 868 2457 Sibylla
889 2384 1050 2457 Erythraea
1072 2386 1159 2441 duat:

792 2472 849 2557 „ol
871 2472 975 2539 δύνατ’
999 2469 1107 2560 ἀνδρὸς

271 2645 273 2648 ,
381 2578 415 2640 ἐκ
432 2582 535 2661 μηρῶν
555 2573 669 2659 μήτρας
687 2598 717 2637 τε
737 2568 809 2650 θεὸς
829 2575 1027 2657 rumoaldum
1048 2573 1156 2640 elvua.“

256 2680 319 2740 Vix
340 2688 464 2758 praeter
486 2685 586 2738 errata
607 2678 771 2759 quicquam
790 2679 949 2739 varietatis
966 2682 1128 2759 repereris.
1165 2682 1202 2741 In
1223 2680 1254 2741 A
1277 2683 1380 2760 legitur

257 2776 374 2837 διναται
399 2787 430 2838 et
456 2796 668 2855 τετυπωμερος;
698 2785 884 2856 postremum
900 2797 1037 2858 ·quoque
1065 2778 1097 2836 in
1126 2778 1161 2837 C.
1205 2781 1257 2838 Ex
1286 2782 1377 2840 Theo-

256 2879 356 2959 philo,
377 2878 429 2960 qui
450 2877 506 2936 hos
528 2897 635 2937 versus
656 2875 776 2949 laudat,
799 2897 869 2955 pag.
889 2874 957 2935 113.
972 2878 1008 2935 B.
1031 2879 1063 2936 in
1081 2880 1271 2957 prooemium
1287 2879 1377 2958 Sibyl·

255 2978 386 3037 linorum
407 2977 508 3038 intulit
529 2976 720 3057 Opeopaeus.
766 2976 846 3033 Mira
867 2983 914 3034 eet
933 2976 1068 3054 Betuleji
1087 2986 1159 3037 nota
1181 2978 1222 3037 ad
1244 2979 1301 3038 hos
1320 2999 1376 3038 ver·

257 3097 308 3136 sus
330 3078 362 3136 in
380 3076 503 3137 Gallaei
524 3074 657 3136 editione
680 3074 902 3152 Sibyllinorum
924 3074 1021 3145 „haec
1045 3072 1199 3153 Sibyllina
1220 3077 1254 3134 in
1278 3078 1377 3158 soripto

255 3175 333 3234 libro
354 3196 415 3234 non
434 3174 682 3246 inveniebantur,
705 3171 762 3231 sed
784 3169 866 3251 apud
881 3171 1086 3249 Theophilum
1102 3180 1226 3245 extant,
1246 3175 1302 3234 ubi
1316 3194 1377 3233 reto·

257 3266 383 3347 πομὲνος
406 3272 518 3329 rectius
545 3269 687 3345 legitur.“
731 3269 820 3328 Haec
846 3269 982 3347 Betuleji
1016 3279 1088 3329 nota
1124 3271 1191 3330 aine
1225 3273 1319 3332 dubio
1348 3294 1377 3333 er

256 3369 336 3429 notis
362 3370 394 3426 in
412 3366 605 3425 Lactantium
630 3367 662 3426 in
683 3365 837 3445 Sibyllina
863 3369 1018 3428 transtulit
1041 3366 1188 3428 Gallaeus
1218 3369 1378 3451 (Betulejm

258 3467 338 3529 enim
359 3465 551 3526 Lactantium
570 3464 708 3526 ediderat
728 3467 871 3526 Basileae
893 3488 920 3526 a.
944 3466 1041 3541 1563,
1071 3488 1132 3547 qua
1155 3468 1292 3529 editione
1312 3492 1379 3531 nuno

257 3587 350 3645 aegre
382 3563 498 3644 oareo)3
530 3568 651 3625 namin
674 3565 895 3645 Sibyllinorum
918 3568 1109 3627 oraoulorum
1130 3567 1266 3628 editione
1290 3591 1379 3629 omnes

256 3666 312 3726 hos
342 3686 449 3725 versuo
476 3686 515 3725 ex
537 3667 709 3746 Theophilo
738 3666 854 3742 omisit,
885 3666 960 3725 duos
986 3667 1042 3725 hos
1073 3687 1089 3725 e
1115 3665 1279 3726 Lactantio
1308 3669 1381 3729 affert

255 3786 327 3846 pag.
346 3765 415 3824 114.
437 3767 515 3826 inter
537 3786 605 3839 eos,
629 3768 682 3845 qui
703 3768 735 3825 in
758 3762 889 3825 oraculis
904 3767 978 3846 ipsis
996 3787 1057 3825 non
1073 3767 1286 3840 inveniantur,
1309 3769 1382 3827 nulla

228 3886 233 3895 ·
257 3876 331 3925 nota
358 3864 471 3924 addita.
515 3866 630 3925 Verum
657 3866 688 3925 in
711 3863 884 3945 Theophilo
912 3887 974 3926 non
1002 3861 1199 3941 reroauulvog
1226 3865 1285 3943 (eie
1314 3867 1381 3926 enim

257 3985 313 4044 pro
341 3960 529 4040 τετοπομένος
553 3964 686 4024 seribere
715 3964 814 4023 voluit
847 3965 913 4023 sive
945 3962 1093 4022 Gallaeus
1123 3963 1190 4021 sive
1217 3962 1380 4041 Betulejus)

218 4074 240 4113 ¹1
259 4062 380 4135 inveni,
403 4061 459 4121 sed
470 4059 685 4139 τετυπωμένος,
708 4063 801 4143 idque
816 4084 878 4121 non
894 4064 992 4122 solum
1006 4064 1038 4121 in
1053 4060 1186 4121 editione
1204 4059 1379 4131 Coloniensi,

259 4180 365 4219 verum
393 4161 484 4219 etiam
512 4161 545 4219 in
568 4159 874 4240 Orthodoxographis
901 4181 973 4240 pag.
998 4159 1068 4219 167.
1114 4158 1178 4217 Sed
1204 4179 1316 4218 novam
1337 4159 1379 4217 mi-

257 4256 346 4315 randi
373 4260 530 4318 materiam
555 4260 684 4339 praebet
713 4259 881 4339 Sparkius‚
918 4260 971 4339 qui
997 4259 1029 4317 in
1058 4257 1192 4318 editione
1220 4258 1252 4316 D
1284 4256 1379 4320 exaudi

257 4355 330 4414 feeit
352 4353 564 4433 τετοπωμένος,
586 4358 645 4416 hae
667 4357 772 4417 addita
795 4367 883 4417 nota:
908 4359 1033 4431 „Monet
1053 4355 1215 4432 Betulejue
1239 4355 1379 4435 Sibyllina

256 4451 334 4509 haec
357 4451 439 4528 apud
460 4455 665 4531 Theophilum
689 4457 836 4534 reperiri,
860 4456 914 4516 ubi
935 4455 1050 4514 reotiue
1069 4455 1132 4531 leg.
1162 4451 1378 4531 reroamplvoof‘
