<?xml version="1.0" encoding="UTF-8"?>
<!DOCTYPE html PUBLIC "-//W3C//DTD XHTML 1.0 Transitional//EN"
    "http://www.w3.org/TR/xhtml1/DTD/xhtml1-transitional.dtd">
<html xmlns="http://www.w3.org/1999/xhtml" xml:lang="en" lang="en">
 <head>
  <title>
</title>
<meta http-equiv="Content-Type" content="text/html;charset=utf-8" />
  <meta name='ocr-system' content='tesseract 3.04.00' />
  <meta name='ocr-capabilities' content='ocr_page ocr_carea ocr_par ocr_line ocrx_word'/>
</head>
<body>
  <div class='ocr_page' id='page_1' title='image "./caroliludovicis01strugoog_0164.png"; bbox 0 0 2884 5184; ppageno 0'>
   <div class='ocr_carea' id='block_1_1' title="bbox 586 434 1051 485">
    <p class='ocr_par' dir='ltr' id='par_1_1' title="bbox 586 434 1051 485">
     <span class='ocr_line' id='line_1_1' title="bbox 586 434 1051 485; baseline -0.004 -2"><span class='ocrx_word' id='word_1_1' title='bbox 586 435 788 485; x_wconf 66' lang='lat' dir='ltr'><em>osseum</em></span> <span class='ocrx_word' id='word_1_2' title='bbox 812 434 1051 483; x_wconf 78' lang='lat' dir='ltr'>SIBYLLINA</span> 
     </span>
    </p>
   </div>
   <div class='ocr_carea' id='block_1_2' title="bbox 268 607 1389 1096">
    <p class='ocr_par' dir='ltr' id='par_1_2' title="bbox 431 607 1198 690">
     <span class='ocr_line' id='line_1_2' title="bbox 431 607 1198 690; baseline -0.01 -18"><span class='ocrx_word' id='word_1_3' title='bbox 431 635 511 690; x_wconf 83' lang='grc' dir='ltr'><strong><em>ναμα</em></strong></span> <span class='ocrx_word' id='word_1_4' title='bbox 531 615 740 690; x_wconf 78' lang='grc' dir='ltr'><strong><em>μελισταγανςς</em></strong></span> <span class='ocrx_word' id='word_1_5' title='bbox 760 628 819 668; x_wconf 78' lang='lat' dir='ltr'><em>erto</em></span> <span class='ocrx_word' id='word_1_6' title='bbox 838 629 944 687; x_wconf 80' lang='grc' dir='ltr'><strong><em>πετρης</em></strong></span> <span class='ocrx_word' id='word_1_7' title='bbox 963 607 1001 684; x_wconf 78' lang='grc' dir='ltr'><em>ηδ</em></span> <span class='ocrx_word' id='word_1_8' title='bbox 1024 627 1083 667; x_wconf 82' lang='grc' dir='ltr'><em>οπο</em></span> <span class='ocrx_word' id='word_1_9' title='bbox 1104 627 1198 685; x_wconf 76' lang='grc' dir='ltr'><em>πηγης</em></span> 
     </span>
    </p>

    <p class='ocr_par' dir='ltr' id='par_1_3' title="bbox 268 708 1389 1096">
     <span class='ocr_line' id='line_1_3' title="bbox 432 708 1225 791; baseline -0.006 -18"><span class='ocrx_word' id='word_1_10' title='bbox 432 737 484 774; x_wconf 79' lang='grc' dir='ltr'><em>και</em></span> <span class='ocrx_word' id='word_1_11' title='bbox 504 714 637 791; x_wconf 80' lang='grc' dir='ltr'><strong><em>γλααγοκ</em></strong></span> <span class='ocrx_word' id='word_1_12' title='bbox 654 713 816 791; x_wconf 80' lang='grc' dir='ltr'><strong><em>αμβροσιης</em></strong></span> <span class='ocrx_word' id='word_1_13' title='bbox 834 727 912 789; x_wconf 85' lang='grc' dir='ltr'><strong><em>ριοετ</em></strong></span> <span class='ocrx_word' id='word_1_14' title='bbox 931 724 1071 767; x_wconf 76' lang='grc' dir='ltr'><strong><em>παντεσσι</em></strong></span> <span class='ocrx_word' id='word_1_15' title='bbox 1093 708 1225 768; x_wconf 78' lang='grc' dir='ltr'><strong><em>δικαιοιο.</em></strong></span> 
     </span>
     <span class='ocr_line' id='line_1_4' title="bbox 268 806 1386 896; baseline -0.01 -18"><span class='ocrx_word' id='word_1_16' title='bbox 268 821 353 896; x_wconf 87' lang='lat' dir='ltr'><em>Lege</em></span> <span class='ocrx_word' id='word_1_17' title='bbox 376 820 479 896; x_wconf 79' lang='lat' dir='ltr'><em>itaque</em></span> <span class='ocrx_word' id='word_1_18' title='bbox 499 806 624 892; x_wconf 75' lang='grc' dir='ltr'><em>γλάγος,</em></span> <span class='ocrx_word' id='word_1_19' title='bbox 645 835 715 873; x_wconf 85' lang='lat' dir='ltr'><em>nam</em></span> <span class='ocrx_word' id='word_1_20' title='bbox 736 834 755 870; x_wconf 82' lang='grc' dir='ltr'><strong><em>ν</em></strong></span> <span class='ocrx_word' id='word_1_21' title='bbox 771 834 827 892; x_wconf 90' lang='lat' dir='ltr'><em>pro</em></span> <span class='ocrx_word' id='word_1_22' title='bbox 847 828 865 870; x_wconf 85' lang='grc' dir='ltr'><strong><em>ο</em></strong></span> <span class='ocrx_word' id='word_1_23' title='bbox 885 811 1015 891; x_wconf 86' lang='lat' dir='ltr'><em>positum</em></span> <span class='ocrx_word' id='word_1_24' title='bbox 1039 819 1094 869; x_wconf 87' lang='lat' dir='ltr'><em>est.</em></span> <span class='ocrx_word' id='word_1_25' title='bbox 1138 811 1176 868; x_wconf 86' lang='lat' dir='ltr'><em>In</em></span> <span class='ocrx_word' id='word_1_26' title='bbox 1195 810 1302 868; x_wconf 84' lang='lat' dir='ltr'><em>ultima</em></span> <span class='ocrx_word' id='word_1_27' title='bbox 1321 830 1386 867; x_wconf 85' lang='lat' dir='ltr'><em>voce</em></span> 
     </span>
     <span class='ocr_line' id='line_1_5' title="bbox 268 912 1389 995; baseline -0.011 -18"><span class='ocrx_word' id='word_1_28' title='bbox 268 919 394 978; x_wconf 77' lang='lat' dir='ltr'><em>ukaioio</em></span> <span class='ocrx_word' id='word_1_29' title='bbox 414 919 544 995; x_wconf 88' lang='lat' dir='ltr'><em>positum</em></span> <span class='ocrx_word' id='word_1_30' title='bbox 566 915 653 974; x_wconf 83' lang='lat' dir='ltr'><em>vides</em></span> <span class='ocrx_word' id='word_1_31' title='bbox 678 934 701 972; x_wconf 83' lang='lat' dir='ltr'><em>n</em></span> <span class='ocrx_word' id='word_1_32' title='bbox 724 935 779 995; x_wconf 90' lang='lat' dir='ltr'><em>pro</em></span> <span class='ocrx_word' id='word_1_33' title='bbox 806 925 854 976; x_wconf 83' lang='grc' dir='ltr'><em>ΔΙ.</em></span> <span class='ocrx_word' id='word_1_34' title='bbox 910 913 1078 970; x_wconf 83' lang='lat' dir='ltr'><em>Praeterea</em></span> <span class='ocrx_word' id='word_1_35' title='bbox 1104 912 1225 989; x_wconf 84' lang='lat' dir='ltr'><em>saepius</em></span> <span class='ocrx_word' id='word_1_36' title='bbox 1248 924 1272 974; x_wconf 91' lang='grc' dir='ltr'>Λ</span> <span class='ocrx_word' id='word_1_37' title='bbox 1301 932 1352 988; x_wconf 90' lang='lat' dir='ltr'><em>pro</em></span> <span class='ocrx_word' id='word_1_38' title='bbox 1374 933 1389 965; x_wconf 88' lang='grc' dir='ltr'><strong><em>α</em></strong></span> 
     </span>
     <span class='ocr_line' id='line_1_6' title="bbox 268 1013 1129 1096; baseline -0.012 -18"><span class='ocrx_word' id='word_1_39' title='bbox 268 1019 408 1078; x_wconf 87' lang='lat' dir='ltr'><em>occurrit.</em></span> <span class='ocrx_word' id='word_1_40' title='bbox 452 1017 585 1096; x_wconf 79' lang='lat' dir='ltr'>Reliqua</span> <span class='ocrx_word' id='word_1_41' title='bbox 605 1016 680 1074; x_wconf 85' lang='lat' dir='ltr'><em>vitia</em></span> <span class='ocrx_word' id='word_1_42' title='bbox 702 1015 795 1073; x_wconf 84' lang='lat' dir='ltr'><em>facile</em></span> <span class='ocrx_word' id='word_1_43' title='bbox 815 1013 972 1073; x_wconf 85' lang='lat' dir='ltr'><em>emendari</em></span> <span class='ocrx_word' id='word_1_44' title='bbox 993 1021 1129 1091; x_wconf 87' lang='lat' dir='ltr'><strong>possunt.</strong></span> 
     </span>
    </p>
   </div>
   <div class='ocr_carea' id='block_1_3' title="bbox 302 1422 1360 1496">
    <p class='ocr_par' dir='ltr' id='par_1_4' title="bbox 302 1422 1360 1496">
     <span class='ocr_line' id='line_1_7' title="bbox 302 1422 1360 1496; baseline -0.009 -15"><span class='ocrx_word' id='word_1_45' title='bbox 302 1430 331 1496; x_wconf 90' lang='lat' dir='ltr'><em>b)</em></span> <span class='ocrx_word' id='word_1_46' title='bbox 363 1426 516 1480; x_wconf 79' lang='lat' dir='ltr'><em>Oracnla</em></span> <span class='ocrx_word' id='word_1_47' title='bbox 541 1422 713 1489; x_wconf 82' lang='lat' dir='ltr'><em>sibyllina</em></span> <span class='ocrx_word' id='word_1_48' title='bbox 736 1423 769 1471; x_wconf 90' lang='lat' dir='ltr'><em>in</em></span> <span class='ocrx_word' id='word_1_49' title='bbox 793 1423 973 1473; x_wconf 82' lang='lat' dir='ltr'><em>Lactantii</em></span> <span class='ocrx_word' id='word_1_50' title='bbox 997 1425 1088 1474; x_wconf 89' lang='lat' dir='ltr'><em>libro</em></span> <span class='ocrx_word' id='word_1_51' title='bbox 1114 1425 1153 1474; x_wconf 85' lang='lat' dir='ltr'><em>de</em></span> <span class='ocrx_word' id='word_1_52' title='bbox 1175 1426 1231 1473; x_wconf 86' lang='lat' dir='ltr'><em>Ira</em></span> <span class='ocrx_word' id='word_1_53' title='bbox 1255 1424 1360 1473; x_wconf 84' lang='lat' dir='ltr'><em>obvia.</em></span> 
     </span>
    </p>
   </div>
   <div class='ocr_carea' id='block_1_4' title="bbox 641 1534 1030 1650">
    <p class='ocr_par' dir='ltr' id='par_1_5' title="bbox 641 1534 1030 1650">
     <span class='ocr_line' id='line_1_8' title="bbox 641 1534 1030 1650; baseline 0 -15"><span class='ocrx_word' id='word_1_54' title='bbox 641 1576 719 1635; x_wconf 64' lang='lat' dir='ltr'><em>on.</em></span> <span class='ocrx_word' id='word_1_55' title='bbox 744 1573 793 1632; x_wconf 81' lang='lat'><em>22.</em></span> <span class='ocrx_word' id='word_1_56' title='bbox 838 1574 869 1650; x_wconf 64' lang='lat' dir='ltr'><em>s.</em></span> <span class='ocrx_word' id='word_1_57' title='bbox 895 1576 924 1634; x_wconf 82' lang='lat'><em>5.</em></span> <span class='ocrx_word' id='word_1_58' title='bbox 948 1577 977 1636; x_wconf 86' lang='lat' dir='ltr'><em>o.</em></span> <span class='ocrx_word' id='word_1_59' title='bbox 1001 1534 1030 1637; x_wconf 72' lang='grc' dir='ltr'><em>ν.</em></span> 
     </span>
    </p>
   </div>
   <div class='ocr_carea' id='block_1_5' title="bbox 264 1712 1388 4496">
    <p class='ocr_par' dir='ltr' id='par_1_6' title="bbox 268 1712 1388 2686">
     <span class='ocr_line' id='line_1_9' title="bbox 353 1712 1385 1788; baseline -0.01 -16"><span class='ocrx_word' id='word_1_60' title='bbox 353 1717 490 1788; x_wconf 72' lang='lat' dir='ltr'><em>„Sibyllas</em></span> <span class='ocrx_word' id='word_1_61' title='bbox 518 1714 633 1785; x_wconf 65' lang='lat' dir='ltr'><em>plurimi</em></span> <span class='ocrx_word' id='word_1_62' title='bbox 655 1718 682 1767; x_wconf 88' lang='lat' dir='ltr'><em>et</em></span> <span class='ocrx_word' id='word_1_63' title='bbox 704 1714 822 1767; x_wconf 76' lang='lat' dir='ltr'><em>maximi</em></span> <span class='ocrx_word' id='word_1_64' title='bbox 849 1719 977 1768; x_wconf 77' lang='lat' dir='ltr'><strong><em>auctores</em></strong></span> <span class='ocrx_word' id='word_1_65' title='bbox 1003 1713 1193 1781; x_wconf 80' lang='lat' dir='ltr'><em>tradiderant,</em></span> <span class='ocrx_word' id='word_1_66' title='bbox 1225 1712 1385 1774; x_wconf 79' lang='lat' dir='ltr'><em>Graecorum,</em></span> 
     </span>
     <span class='ocr_line' id='line_1_10' title="bbox 269 1808 1387 1886; baseline -0.008 -15"><span class='ocrx_word' id='word_1_67' title='bbox 269 1819 361 1873; x_wconf 82' lang='lat' dir='ltr'><em>Aristo</em></span> <span class='ocrx_word' id='word_1_68' title='bbox 391 1815 473 1870; x_wconf 72' lang='lat' dir='ltr'><em>Clitus</em></span> <span class='ocrx_word' id='word_1_69' title='bbox 506 1809 689 1886; x_wconf 64' lang='lat' dir='ltr'><em>(laetanias</em></span> <span class='ocrx_word' id='word_1_70' title='bbox 722 1808 788 1866; x_wconf 89' lang='lat' dir='ltr'><em>cod.</em></span> <span class='ocrx_word' id='word_1_71' title='bbox 820 1808 911 1886; x_wconf 80' lang='lat' dir='ltr'><em>Reg.)</em></span> <span class='ocrx_word' id='word_1_72' title='bbox 945 1820 972 1868; x_wconf 86' lang='lat' dir='ltr'><em>et</em></span> <span class='ocrx_word' id='word_1_73' title='bbox 997 1815 1183 1884; x_wconf 82' lang='lat' dir='ltr'><em>Apollodorus</em></span> <span class='ocrx_word' id='word_1_74' title='bbox 1213 1812 1387 1883; x_wconf 65' lang='lat' dir='ltr'><em>Erythraeus</em></span> 
     </span>
     <span class='ocr_line' id='line_1_11' title="bbox 269 1909 1384 1985; baseline -0.008 -14"><span class='ocrx_word' id='word_1_75' title='bbox 269 1921 426 1971; x_wconf 82' lang='lat' dir='ltr'><em>nostrorum</em></span> <span class='ocrx_word' id='word_1_76' title='bbox 445 1913 536 1967; x_wconf 87' lang='lat' dir='ltr'><em>Varro</em></span> <span class='ocrx_word' id='word_1_77' title='bbox 547 1917 574 1965; x_wconf 91' lang='lat' dir='ltr'><em>et</em></span> <span class='ocrx_word' id='word_1_78' title='bbox 586 1909 749 1964; x_wconf 76' lang='lat' dir='ltr'><em>Fenestella.</em></span> <span class='ocrx_word' id='word_1_79' title='bbox 772 1912 814 1966; x_wconf 81' lang='lat' dir='ltr'><em>Hi</em></span> <span class='ocrx_word' id='word_1_80' title='bbox 831 1929 925 1969; x_wconf 85' lang='lat' dir='ltr'><em>omnes</em></span> <span class='ocrx_word' id='word_1_81' title='bbox 943 1917 1126 1985; x_wconf 81' lang='lat' dir='ltr'><em>praeeipuam</em></span> <span class='ocrx_word' id='word_1_82' title='bbox 1142 1920 1170 1967; x_wconf 89' lang='lat' dir='ltr'><em>et</em></span> <span class='ocrx_word' id='word_1_83' title='bbox 1188 1914 1303 1969; x_wconf 83' lang='lat' dir='ltr'><em>nobilem</em></span> <span class='ocrx_word' id='word_1_84' title='bbox 1313 1926 1384 1981; x_wconf 84' lang='lat' dir='ltr'><em>prae-</em></span> 
     </span>
     <span class='ocr_line' id='line_1_12' title="bbox 268 2008 1386 2086; baseline -0.01 -13"><span class='ocrx_word' id='word_1_85' title='bbox 268 2026 310 2073; x_wconf 88' lang='lat' dir='ltr'><em>ter</em></span> <span class='ocrx_word' id='word_1_86' title='bbox 331 2021 439 2071; x_wconf 85' lang='lat' dir='ltr'><em>ceteras</em></span> <span class='ocrx_word' id='word_1_87' title='bbox 458 2012 646 2085; x_wconf 70' lang='lat' dir='ltr'><em>Erythraeam</em></span> <span class='ocrx_word' id='word_1_88' title='bbox 663 2008 751 2081; x_wconf 64' lang='lat' dir='ltr'><em>faisse</em></span> <span class='ocrx_word' id='word_1_89' title='bbox 779 2021 1001 2070; x_wconf 83' lang='lat' dir='ltr'><em>commemorant.</em></span> <span class='ocrx_word' id='word_1_90' title='bbox 1043 2014 1228 2086; x_wconf 78' lang='lat' dir='ltr'><em>Apollodorus</em></span> <span class='ocrx_word' id='word_1_91' title='bbox 1249 2013 1350 2084; x_wconf 74' lang='lat' dir='ltr'><em>qar&#39;dem</em></span> <span class='ocrx_word' id='word_1_92' title='bbox 1367 2017 1386 2063; x_wconf 83' lang='lat' dir='ltr'><em>ut</em></span> 
     </span>
     <span class='ocr_line' id='line_1_13' title="bbox 269 2111 1385 2184; baseline -0.008 -11"><span class='ocrx_word' id='word_1_93' title='bbox 269 2119 304 2173; x_wconf 81' lang='lat' dir='ltr'><em>de</em></span> <span class='ocrx_word' id='word_1_94' title='bbox 324 2118 429 2172; x_wconf 80' lang='lat' dir='ltr'><em>ciriae</em></span> <span class='ocrx_word' id='word_1_95' title='bbox 446 2112 582 2184; x_wconf 82' lang='lat' dir='ltr'><em>populari</em></span> <span class='ocrx_word' id='word_1_96' title='bbox 601 2125 652 2164; x_wconf 83' lang='lat' dir='ltr'><em>sua</em></span> <span class='ocrx_word' id='word_1_97' title='bbox 670 2111 814 2181; x_wconf 73' lang='lat' dir='ltr'><em>ploriator.</em></span> <span class='ocrx_word' id='word_1_98' title='bbox 859 2114 1010 2170; x_wconf 80' lang='lat' dir='ltr'><em>Fenestella</em></span> <span class='ocrx_word' id='word_1_99' title='bbox 1031 2132 1096 2171; x_wconf 81' lang='lat' dir='ltr'><em>vero</em></span> <span class='ocrx_word' id='word_1_100' title='bbox 1114 2118 1195 2170; x_wconf 81' lang='lat' dir='ltr'><em>etiam</em></span> <span class='ocrx_word' id='word_1_101' title='bbox 1213 2115 1314 2184; x_wconf 74' lang='lat' dir='ltr'><em>lepatos</em></span> <span class='ocrx_word' id='word_1_102' title='bbox 1329 2111 1385 2179; x_wconf 65' lang='lat' dir='ltr'><em>En)-</em></span> 
     </span>
     <span class='ocr_line' id='line_1_14' title="bbox 269 2207 1386 2292; baseline -0.009 -19"><span class='ocrx_word' id='word_1_103' title='bbox 269 2218 348 2273; x_wconf 80' lang='lat' dir='ltr'><em>tbras</em></span> <span class='ocrx_word' id='word_1_104' title='bbox 374 2211 507 2292; x_wconf 77' lang='lat' dir='ltr'><em>(erithrea</em></span> <span class='ocrx_word' id='word_1_105' title='bbox 528 2229 553 2267; x_wconf 88' lang='lat' dir='ltr'><em>o.</em></span> <span class='ocrx_word' id='word_1_106' title='bbox 569 2207 632 2285; x_wconf 76' lang='lat' dir='ltr'><em>R.)</em></span> <span class='ocrx_word' id='word_1_107' title='bbox 655 2228 673 2264; x_wconf 88' lang='lat' dir='ltr'><em>a</em></span> <span class='ocrx_word' id='word_1_108' title='bbox 694 2217 792 2266; x_wconf 85' lang='lat' dir='ltr'><em>senata</em></span> <span class='ocrx_word' id='word_1_109' title='bbox 813 2227 873 2267; x_wconf 84' lang='lat' dir='ltr'><em>esse</em></span> <span class='ocrx_word' id='word_1_110' title='bbox 888 2217 985 2270; x_wconf 82' lang='lat' dir='ltr'><em>missos</em></span> <span class='ocrx_word' id='word_1_111' title='bbox 1005 2216 1108 2288; x_wconf 78' lang='lat' dir='ltr'><em>refert,</em></span> <span class='ocrx_word' id='word_1_112' title='bbox 1130 2222 1160 2270; x_wconf 83' lang='lat' dir='ltr'><em>at</em></span> <span class='ocrx_word' id='word_1_113' title='bbox 1180 2215 1267 2286; x_wconf 82' lang='lat' dir='ltr'><em>bajus</em></span> <span class='ocrx_word' id='word_1_114' title='bbox 1286 2212 1386 2282; x_wconf 78' lang='lat' dir='ltr'><em>Sibyllae</em></span> 
     </span>
     <span class='ocr_line' id='line_1_15' title="bbox 269 2313 1386 2382; baseline -0.011 -7"><span class='ocrx_word' id='word_1_115' title='bbox 269 2322 396 2374; x_wconf 80' lang='lat' dir='ltr'><em>carmina</em></span> <span class='ocrx_word' id='word_1_116' title='bbox 418 2315 535 2370; x_wconf 82' lang='lat' dir='ltr'><em>Romam</em></span> <span class='ocrx_word' id='word_1_117' title='bbox 554 2313 783 2382; x_wconf 82' lang='lat' dir='ltr'><em>deportarentur3</em></span> <span class='ocrx_word' id='word_1_118' title='bbox 813 2318 839 2367; x_wconf 89' lang='lat' dir='ltr'><em>et</em></span> <span class='ocrx_word' id='word_1_119' title='bbox 859 2329 892 2368; x_wconf 91' lang='lat' dir='ltr'><em>ea</em></span> <span class='ocrx_word' id='word_1_120' title='bbox 915 2317 1039 2371; x_wconf 83' lang='lat' dir='ltr'><em>consules</em></span> <span class='ocrx_word' id='word_1_121' title='bbox 1067 2317 1148 2372; x_wconf 84' lang='lat' dir='ltr'><em>Curio</em></span> <span class='ocrx_word' id='word_1_122' title='bbox 1175 2321 1202 2369; x_wconf 89' lang='lat' dir='ltr'><em>el</em></span> <span class='ocrx_word' id='word_1_123' title='bbox 1230 2313 1350 2369; x_wconf 81' lang='lat' dir='ltr'><em>Octavius</em></span> <span class='ocrx_word' id='word_1_124' title='bbox 1367 2314 1386 2363; x_wconf 81' lang='lat' dir='ltr'><em>in</em></span> 
     </span>
     <span class='ocr_line' id='line_1_16' title="bbox 270 2413 1385 2491; baseline -0.011 -15"><span class='ocrx_word' id='word_1_125' title='bbox 270 2419 415 2491; x_wconf 81' lang='lat' dir='ltr'><em>Capitolio,</em></span> <span class='ocrx_word' id='word_1_126' title='bbox 437 2415 511 2487; x_wconf 78' lang='lat' dir='ltr'><em>qaod</em></span> <span class='ocrx_word' id='word_1_127' title='bbox 529 2420 594 2469; x_wconf 82' lang='lat' dir='ltr'><em>lanc</em></span> <span class='ocrx_word' id='word_1_128' title='bbox 616 2418 678 2466; x_wconf 90' lang='lat' dir='ltr'><em>erat</em></span> <span class='ocrx_word' id='word_1_129' title='bbox 696 2419 813 2467; x_wconf 78' lang='lat' dir='ltr'><em>curante</em></span> <span class='ocrx_word' id='word_1_130' title='bbox 840 2413 873 2479; x_wconf 81' lang='lat' dir='ltr'><em>Q.</em></span> <span class='ocrx_word' id='word_1_131' title='bbox 897 2414 992 2472; x_wconf 81' lang='lat' dir='ltr'><em>Catulo</em></span> <span class='ocrx_word' id='word_1_132' title='bbox 1013 2418 1181 2484; x_wconf 83' lang='lat' dir='ltr'><em>restitutum,</em></span> <span class='ocrx_word' id='word_1_133' title='bbox 1201 2414 1332 2485; x_wconf 80' lang='lat' dir='ltr'><em>ponenda</em></span> <span class='ocrx_word' id='word_1_134' title='bbox 1351 2427 1385 2464; x_wconf 86' lang='lat' dir='ltr'><em>ca-</em></span> 
     </span>
     <span class='ocr_line' id='line_1_17' title="bbox 269 2513 1388 2586; baseline -0.009 -12"><span class='ocrx_word' id='word_1_135' title='bbox 269 2524 376 2573; x_wconf 83' lang='lat' dir='ltr'><em>rarent.</em></span> <span class='ocrx_word' id='word_1_136' title='bbox 426 2513 510 2586; x_wconf 80' lang='lat' dir='ltr'><em>Apud</em></span> <span class='ocrx_word' id='word_1_137' title='bbox 536 2513 610 2567; x_wconf 83' lang='lat' dir='ltr'><em>banc</em></span> <span class='ocrx_word' id='word_1_138' title='bbox 637 2513 671 2565; x_wconf 72' lang='lat' dir='ltr'><em>ele</em></span> <span class='ocrx_word' id='word_1_139' title='bbox 698 2526 803 2565; x_wconf 82' lang='lat' dir='ltr'><em>summa</em></span> <span class='ocrx_word' id='word_1_140' title='bbox 828 2519 855 2566; x_wconf 87' lang='lat' dir='ltr'><em>et</em></span> <span class='ocrx_word' id='word_1_141' title='bbox 883 2514 1022 2570; x_wconf 82' lang='lat' dir='ltr'><em>conditore</em></span> <span class='ocrx_word' id='word_1_142' title='bbox 1048 2530 1141 2570; x_wconf 82' lang='lat' dir='ltr'><em>rerum</em></span> <span class='ocrx_word' id='word_1_143' title='bbox 1170 2518 1220 2571; x_wconf 76' lang='lat' dir='ltr'><em>eleo</em></span> <span class='ocrx_word' id='word_1_144' title='bbox 1247 2513 1388 2585; x_wconf 75' lang='lat' dir='ltr'><em>hujusmodi</em></span> 
     </span>
     <span class='ocr_line' id='line_1_18' title="bbox 268 2615 574 2686; baseline -0.026 -11"><span class='ocrx_word' id='word_1_145' title='bbox 268 2633 363 2675; x_wconf 68' lang='lat' dir='ltr'><em>rerem</em></span> <span class='ocrx_word' id='word_1_146' title='bbox 383 2615 574 2686; x_wconf 81' lang='lat' dir='ltr'><em>reperiantur.-</em></span> 
     </span>
    </p>

    <p class='ocr_par' dir='ltr' id='par_1_7' title="bbox 434 2703 1148 2789">
     <span class='ocr_line' id='line_1_19' title="bbox 434 2703 1148 2789; baseline -0.001 -18"><span class='ocrx_word' id='word_1_147' title='bbox 434 2704 590 2789; x_wconf 68' lang='grc' dir='ltr'><strong><em>ἄφθαρτος</em></strong></span> <span class='ocrx_word' id='word_1_148' title='bbox 609 2711 738 2787; x_wconf 80' lang='grc' dir='ltr'><strong><em>κτίστης,</em></strong></span> <span class='ocrx_word' id='word_1_149' title='bbox 761 2703 892 2781; x_wconf 74' lang='grc' dir='ltr'><strong><em>αἰώνιος,</em></strong></span> <span class='ocrx_word' id='word_1_150' title='bbox 917 2706 1025 2789; x_wconf 60' lang='grc' dir='ltr'><strong><em>ανθέρα</em></strong></span> <span class='ocrx_word' id='word_1_151' title='bbox 1045 2710 1148 2783; x_wconf 81' lang='grc' dir='ltr'><strong><em>ναίων,</em></strong></span> 
     </span>
    </p>

    <p class='ocr_par' dir='ltr' id='par_1_8' title="bbox 433 2800 1362 2890">
     <span class='ocr_line' id='line_1_20' title="bbox 433 2800 1362 2890; baseline -0.004 -17"><span class='ocrx_word' id='word_1_152' title='bbox 433 2816 493 2884; x_wconf 77' lang='grc' dir='ltr'><strong><em>τοῖς</em></strong></span> <span class='ocrx_word' id='word_1_153' title='bbox 510 2803 538 2870; x_wconf 80' lang='grc' dir='ltr'><em>τ’</em></span> <span class='ocrx_word' id='word_1_154' title='bbox 560 2800 685 2883; x_wconf 68' lang='lat' dir='ltr'><em>inarare</em></span> <span class='ocrx_word' id='word_1_155' title='bbox 702 2803 818 2870; x_wconf 67' lang='grc' dir='ltr'><strong><em>ἄκακον</em></strong></span> <span class='ocrx_word' id='word_1_156' title='bbox 836 2806 998 2890; x_wconf 77' lang='grc' dir='ltr'><strong><em>προφέρων</em></strong></span> <span class='ocrx_word' id='word_1_157' title='bbox 1018 2803 1094 2871; x_wconf 75' lang='grc' dir='ltr'><strong><em>πολὺ</em></strong></span> <span class='ocrx_word' id='word_1_158' title='bbox 1113 2800 1231 2888; x_wconf 83' lang='grc' dir='ltr'><strong><em>μείζονα</em></strong></span> <span class='ocrx_word' id='word_1_159' title='bbox 1249 2805 1362 2890; x_wconf 81' lang='grc' dir='ltr'><strong><em>μισθόν,</em></strong></span> 
     </span>
    </p>

    <p class='ocr_par' dir='ltr' id='par_1_9' title="bbox 264 2904 1384 4496">
     <span class='ocr_line' id='line_1_21' title="bbox 434 2904 1329 2994; baseline 0.001 -21"><span class='ocrx_word' id='word_1_160' title='bbox 434 2917 494 2985; x_wconf 86' lang='grc' dir='ltr'><strong><em>τοῖς</em></strong></span> <span class='ocrx_word' id='word_1_161' title='bbox 515 2911 547 2973; x_wconf 79' lang='lat' dir='ltr'><em>(ll</em></span> <span class='ocrx_word' id='word_1_162' title='bbox 568 2917 672 2984; x_wconf 78' lang='grc' dir='ltr'><strong><em>κακοῖς</em></strong></span> <span class='ocrx_word' id='word_1_163' title='bbox 692 2906 807 2982; x_wconf 70' lang='grc' dir='ltr'><strong><em>ἀδίκοις</em></strong></span> <span class='ocrx_word' id='word_1_164' title='bbox 828 2931 858 2969; x_wconf 83' lang='grc' dir='ltr'><em>τε</em></span> <span class='ocrx_word' id='word_1_165' title='bbox 879 2904 966 2987; x_wconf 79' lang='grc' dir='ltr'><strong><em>χόλον</em></strong></span> <span class='ocrx_word' id='word_1_166' title='bbox 987 2909 1038 2969; x_wconf 82' lang='grc' dir='ltr'><em>καὶ</em></span> <span class='ocrx_word' id='word_1_167' title='bbox 1059 2906 1160 2988; x_wconf 82' lang='grc' dir='ltr'><strong><em>θυμὸν</em></strong></span> <span class='ocrx_word' id='word_1_168' title='bbox 1181 2912 1329 2994; x_wconf 77' lang='grc' dir='ltr'><em>ἕγείρων.“</em></span> 
     </span>
     <span class='ocr_line' id='line_1_22' title="bbox 268 3011 1382 3095; baseline -0.01 -14"><span class='ocrx_word' id='word_1_169' title='bbox 268 3023 384 3082; x_wconf 85' lang='lat' dir='ltr'>Versus</span> <span class='ocrx_word' id='word_1_170' title='bbox 406 3021 438 3079; x_wconf 91' lang='lat' dir='ltr'><em>hi</em></span> <span class='ocrx_word' id='word_1_171' title='bbox 466 3021 498 3077; x_wconf 90' lang='lat' dir='ltr'><em>in</em></span> <span class='ocrx_word' id='word_1_172' title='bbox 525 3017 706 3075; x_wconf 80' lang='lat' dir='ltr'><em>collectione</em></span> <span class='ocrx_word' id='word_1_173' title='bbox 734 3014 880 3072; x_wconf 89' lang='lat' dir='ltr'><em>librorum</em></span> <span class='ocrx_word' id='word_1_174' title='bbox 908 3011 1129 3089; x_wconf 81' lang='lat' dir='ltr'><em>Sibyllinorum</em></span> <span class='ocrx_word' id='word_1_175' title='bbox 1154 3036 1215 3073; x_wconf 90' lang='lat' dir='ltr'><em>nou</em></span> <span class='ocrx_word' id='word_1_176' title='bbox 1245 3017 1382 3095; x_wconf 85' lang='lat' dir='ltr'><em>reperiun-</em></span> 
     </span>
     <span class='ocr_line' id='line_1_23' title="bbox 267 3112 1384 3199; baseline -0.009 -19"><span class='ocrx_word' id='word_1_177' title='bbox 267 3131 330 3195; x_wconf 83' lang='lat' dir='ltr'><em>tur3</em></span> <span class='ocrx_word' id='word_1_178' title='bbox 351 3128 535 3199; x_wconf 82' lang='lat' dir='ltr'><em>quapropter</em></span> <span class='ocrx_word' id='word_1_179' title='bbox 557 3137 576 3174; x_wconf 89' lang='lat' dir='ltr'><em>a</em></span> <span class='ocrx_word' id='word_1_180' title='bbox 597 3117 699 3193; x_wconf 86' lang='lat' dir='ltr'><em>Xysto</em></span> <span class='ocrx_word' id='word_1_181' title='bbox 720 3112 863 3190; x_wconf 88' lang='lat' dir='ltr'><em>Betulejo</em></span> <span class='ocrx_word' id='word_1_182' title='bbox 879 3133 950 3191; x_wconf 81' lang='lat' dir='ltr'><em>pag.</em></span> <span class='ocrx_word' id='word_1_183' title='bbox 972 3114 1042 3171; x_wconf 78' lang='lat' dir='ltr'><em>tot.</em></span> <span class='ocrx_word' id='word_1_184' title='bbox 1065 3115 1105 3173; x_wconf 85' lang='lat' dir='ltr'><em>ad</em></span> <span class='ocrx_word' id='word_1_185' title='bbox 1129 3117 1244 3174; x_wconf 85' lang='lat' dir='ltr'><em>calcem</em></span> <span class='ocrx_word' id='word_1_186' title='bbox 1263 3134 1384 3176; x_wconf 85' lang='lat' dir='ltr'><em>versuum</em></span> 
     </span>
     <span class='ocr_line' id='line_1_24' title="bbox 269 3213 1383 3295; baseline -0.005 -18"><span class='ocrx_word' id='word_1_187' title='bbox 269 3218 488 3295; x_wconf 85' lang='lat' dir='ltr'><em>Sibyllinorum</em></span> <span class='ocrx_word' id='word_1_188' title='bbox 506 3217 615 3291; x_wconf 86' lang='lat' dir='ltr'><em>rejecti</em></span> <span class='ocrx_word' id='word_1_189' title='bbox 635 3226 717 3288; x_wconf 78' lang='lat' dir='ltr'><em>sunt3</em></span> <span class='ocrx_word' id='word_1_190' title='bbox 748 3224 781 3272; x_wconf 91' lang='lat' dir='ltr'><em>ut</em></span> <span class='ocrx_word' id='word_1_191' title='bbox 802 3213 972 3271; x_wconf 88' lang='lat' dir='ltr'><em>mirandum</em></span> <span class='ocrx_word' id='word_1_192' title='bbox 996 3217 1048 3289; x_wconf 87' lang='lat' dir='ltr'><em>sit,</em></span> <span class='ocrx_word' id='word_1_193' title='bbox 1078 3216 1275 3295; x_wconf 87' lang='lat' dir='ltr'><em>Opsopaeum</em></span> <span class='ocrx_word' id='word_1_194' title='bbox 1298 3238 1344 3275; x_wconf 87' lang='lat' dir='ltr'><em>eos</em></span> <span class='ocrx_word' id='word_1_195' title='bbox 1361 3217 1383 3272; x_wconf 85' lang='lat' dir='ltr'><em>iu</em></span> 
     </span>
     <span class='ocr_line' id='line_1_25' title="bbox 268 3313 1382 3393; baseline -0.004 -19"><span class='ocrx_word' id='word_1_196' title='bbox 268 3315 445 3393; x_wconf 81' lang='lat' dir='ltr'><em>fragmentis</em></span> <span class='ocrx_word' id='word_1_197' title='bbox 464 3313 624 3392; x_wconf 82' lang='lat' dir='ltr'><em>Sibyllinis</em></span> <span class='ocrx_word' id='word_1_198' title='bbox 645 3334 769 3393; x_wconf 90' lang='lat' dir='ltr'><em>prorsus</em></span> <span class='ocrx_word' id='word_1_199' title='bbox 789 3315 937 3373; x_wconf 88' lang='lat' dir='ltr'><em>omisisse.</em></span> <span class='ocrx_word' id='word_1_200' title='bbox 982 3317 1098 3375; x_wconf 84' lang='lat' dir='ltr'><em>Versus</em></span> <span class='ocrx_word' id='word_1_201' title='bbox 1119 3317 1272 3376; x_wconf 90' lang='lat' dir='ltr'><em>secundus</em></span> <span class='ocrx_word' id='word_1_202' title='bbox 1290 3319 1339 3376; x_wconf 80' lang='lat' dir='ltr'><em>vix</em></span> <span class='ocrx_word' id='word_1_203' title='bbox 1351 3316 1382 3372; x_wconf 83' lang='lat' dir='ltr'><em>sio</em></span> 
     </span>
     <span class='ocr_line' id='line_1_26' title="bbox 268 3409 1383 3494; baseline -0.001 -17"><span class='ocrx_word' id='word_1_204' title='bbox 268 3435 393 3477; x_wconf 84' lang='lat' dir='ltr'><em>emanu</em></span> <span class='ocrx_word' id='word_1_205' title='bbox 415 3415 570 3492; x_wconf 85' lang='lat' dir='ltr'><em>scriptoris</em></span> <span class='ocrx_word' id='word_1_206' title='bbox 593 3415 678 3473; x_wconf 86' lang='lat' dir='ltr'><em>exire</em></span> <span class='ocrx_word' id='word_1_207' title='bbox 700 3416 815 3494; x_wconf 84' lang='lat' dir='ltr'><em>potuit3</em></span> <span class='ocrx_word' id='word_1_208' title='bbox 845 3417 1006 3494; x_wconf 79' lang='lat' dir='ltr'><em>numquis</em></span> <span class='ocrx_word' id='word_1_209' title='bbox 1030 3427 1077 3475; x_wconf 89' lang='lat' dir='ltr'><em>est</em></span> <span class='ocrx_word' id='word_1_210' title='bbox 1105 3409 1218 3486; x_wconf 70' lang='grc' dir='ltr'><strong><em>ἄκακος</em></strong></span> <span class='ocrx_word' id='word_1_211' title='bbox 1245 3409 1320 3476; x_wconf 74' lang='grc' dir='ltr'><strong><em>πολὺ</em></strong></span> <span class='ocrx_word' id='word_1_212' title='bbox 1342 3413 1383 3491; x_wconf 75' lang='grc' dir='ltr'><em>μεί-</em></span> 
     </span>
     <span class='ocr_line' id='line_1_27' title="bbox 268 3507 1382 3596; baseline -0.006 -20"><span class='ocrx_word' id='word_1_213' title='bbox 268 3518 326 3589; x_wconf 83' lang='grc' dir='ltr'><strong><em>ζοον</em></strong></span> <span class='ocrx_word' id='word_1_214' title='bbox 353 3508 480 3593; x_wconf 66' lang='lat' dir='ltr'><em>probor?</em></span> <span class='ocrx_word' id='word_1_215' title='bbox 510 3514 584 3594; x_wconf 85' lang='lat' dir='ltr'><em>quid</em></span> <span class='ocrx_word' id='word_1_216' title='bbox 617 3511 776 3594; x_wconf 78' lang='grc' dir='ltr'><strong><em>προφέρειν</em></strong></span> <span class='ocrx_word' id='word_1_217' title='bbox 808 3507 938 3589; x_wconf 72' lang='lat' dir='ltr'><em>prebor?</em></span> <span class='ocrx_word' id='word_1_218' title='bbox 981 3518 1068 3575; x_wconf 89' lang='lat' dir='ltr'>Libri</span> <span class='ocrx_word' id='word_1_219' title='bbox 1102 3519 1241 3596; x_wconf 88' lang='lat' dir='ltr'><em>impressi</em></span> <span class='ocrx_word' id='word_1_220' title='bbox 1272 3521 1320 3577; x_wconf 91' lang='lat' dir='ltr'><em>hic</em></span> <span class='ocrx_word' id='word_1_221' title='bbox 1342 3534 1382 3574; x_wconf 89' lang='lat' dir='ltr'><em>nos</em></span> 
     </span>
     <span class='ocr_line' id='line_1_28' title="bbox 268 3615 1380 3695; baseline -0.004 -19"><span class='ocrx_word' id='word_1_222' title='bbox 268 3618 449 3689; x_wconf 85' lang='lat' dir='ltr'><em>destituunt,</em></span> <span class='ocrx_word' id='word_1_223' title='bbox 468 3616 520 3675; x_wconf 92' lang='lat' dir='ltr'><em>ubi</em></span> <span class='ocrx_word' id='word_1_224' title='bbox 538 3617 672 3675; x_wconf 87' lang='lat' dir='ltr'><em>leviores</em></span> <span class='ocrx_word' id='word_1_225' title='bbox 692 3623 809 3672; x_wconf 81' lang='lat' dir='ltr'><em>tantum</em></span> <span class='ocrx_word' id='word_1_226' title='bbox 838 3615 894 3672; x_wconf 82' lang='lat' dir='ltr'><em>has</em></span> <span class='ocrx_word' id='word_1_227' title='bbox 922 3618 1092 3695; x_wconf 83' lang='lat' dir='ltr'><em>scripturae</em></span> <span class='ocrx_word' id='word_1_228' title='bbox 1120 3620 1287 3678; x_wconf 84' lang='lat' dir='ltr'><em>varietates</em></span> <span class='ocrx_word' id='word_1_229' title='bbox 1314 3635 1380 3695; x_wconf 89' lang='lat' dir='ltr'><em>repe·</em></span> 
     </span>
     <span class='ocr_line' id='line_1_29' title="bbox 267 3705 1383 3786; baseline -0.004 -11"><span class='ocrx_word' id='word_1_230' title='bbox 267 3719 327 3776; x_wconf 86' lang='lat' dir='ltr'><em>rio:</em></span> <span class='ocrx_word' id='word_1_231' title='bbox 350 3739 380 3776; x_wconf 86' lang='lat' dir='ltr'><em>v.</em></span> <span class='ocrx_word' id='word_1_232' title='bbox 405 3716 431 3773; x_wconf 88' lang='lat'><em>1.</em></span> <span class='ocrx_word' id='word_1_233' title='bbox 454 3715 552 3786; x_wconf 79' lang='grc' dir='ltr'><strong><em>αΐὸιος</em></strong></span> <span class='ocrx_word' id='word_1_234' title='bbox 571 3715 643 3774; x_wconf 89' lang='lat' dir='ltr'><em>edit.</em></span> <span class='ocrx_word' id='word_1_235' title='bbox 668 3715 708 3773; x_wconf 86' lang='lat' dir='ltr'><em>A.</em></span> <span class='ocrx_word' id='word_1_236' title='bbox 737 3705 856 3784; x_wconf 80' lang='grc' dir='ltr'><strong><em>αἰώνιός</em></strong></span> <span class='ocrx_word' id='word_1_237' title='bbox 876 3706 903 3771; x_wconf 75' lang='grc' dir='ltr'><em>τ’</em></span> <span class='ocrx_word' id='word_1_238' title='bbox 932 3717 969 3773; x_wconf 90' lang='grc' dir='ltr'><em>Β.</em></span> <span class='ocrx_word' id='word_1_239' title='bbox 999 3709 1147 3775; x_wconf 79' lang='grc' dir='ltr'><strong><em>αἰωνοιστ’</em></strong></span> <span class='ocrx_word' id='word_1_240' title='bbox 1175 3717 1210 3776; x_wconf 79' lang='lat' dir='ltr'><em>(l.</em></span> <span class='ocrx_word' id='word_1_241' title='bbox 1232 3741 1262 3777; x_wconf 90' lang='lat' dir='ltr'><em>v.</em></span> <span class='ocrx_word' id='word_1_242' title='bbox 1287 3717 1314 3775; x_wconf 82' lang='lat'><em>2.</em></span> <span class='ocrx_word' id='word_1_243' title='bbox 1339 3716 1383 3780; x_wconf 80' lang='grc' dir='ltr'><strong><em>τοῖς</em></strong></span> 
     </span>
     <span class='ocr_line' id='line_1_30' title="bbox 266 3803 1381 3896; baseline -0.004 -22"><span class='ocrx_word' id='word_1_244' title='bbox 266 3805 392 3887; x_wconf 73' lang='grc' dir='ltr'><strong><em>οἶκοὶκοις</em></strong></span> <span class='ocrx_word' id='word_1_245' title='bbox 411 3803 437 3872; x_wconf 83' lang='grc' dir='ltr'><em>τ’</em></span> <span class='ocrx_word' id='word_1_246' title='bbox 460 3815 500 3874; x_wconf 87' lang='grc' dir='ltr'><em>Α.</em></span> <span class='ocrx_word' id='word_1_247' title='bbox 512 3819 573 3886; x_wconf 83' lang='grc' dir='ltr'><strong><em>τοῖς</em></strong></span> <span class='ocrx_word' id='word_1_248' title='bbox 587 3805 716 3892; x_wconf 74' lang='grc' dir='ltr'><strong><em>ἀγαθοῖς</em></strong></span> <span class='ocrx_word' id='word_1_249' title='bbox 731 3806 850 3890; x_wconf 74' lang='grc' dir='ltr'><strong><em>ἀγαθόν</em></strong></span> <span class='ocrx_word' id='word_1_250' title='bbox 871 3816 912 3886; x_wconf 83' lang='lat' dir='ltr'><em>D,</em></span> <span class='ocrx_word' id='word_1_251' title='bbox 930 3816 1013 3894; x_wconf 85' lang='lat' dir='ltr'><em>quod</em></span> <span class='ocrx_word' id='word_1_252' title='bbox 1035 3819 1144 3876; x_wconf 83' lang='lat' dir='ltr'><em>saltem</em></span> <span class='ocrx_word' id='word_1_253' title='bbox 1165 3816 1381 3896; x_wconf 81' lang='lat' dir='ltr'><em>praeferendum</em></span> 
     </span>
     <span class='ocr_line' id='line_1_31' title="bbox 265 3907 1380 3998; baseline -0.004 -22"><span class='ocrx_word' id='word_1_254' title='bbox 265 3917 396 3976; x_wconf 81' lang='lat' dir='ltr'><em>videtur.</em></span> <span class='ocrx_word' id='word_1_255' title='bbox 441 3907 517 3974; x_wconf 76' lang='grc' dir='ltr'><strong><em>πολὺ</em></strong></span> <span class='ocrx_word' id='word_1_256' title='bbox 544 3915 631 3974; x_wconf 89' lang='lat' dir='ltr'><em>deest</em></span> <span class='ocrx_word' id='word_1_257' title='bbox 653 3916 684 3973; x_wconf 91' lang='lat' dir='ltr'><em>iu</em></span> <span class='ocrx_word' id='word_1_258' title='bbox 713 3914 752 3972; x_wconf 91' lang='lat' dir='ltr'><em>A.</em></span> <span class='ocrx_word' id='word_1_259' title='bbox 781 3916 988 3975; x_wconf 83' lang='lat' dir='ltr'><em>Memorabilis</em></span> <span class='ocrx_word' id='word_1_260' title='bbox 1016 3938 1090 3976; x_wconf 90' lang='lat' dir='ltr'><em>vero</em></span> <span class='ocrx_word' id='word_1_261' title='bbox 1119 3928 1165 3977; x_wconf 85' lang='lat' dir='ltr'><em>est</em></span> <span class='ocrx_word' id='word_1_262' title='bbox 1193 3914 1380 3998; x_wconf 82' lang='lat' dir='ltr'><em>interpretatio</em></span> 
     </span>
     <span class='ocr_line' id='line_1_32' title="bbox 265 4016 1380 4096; baseline 0.002 -23"><span class='ocrx_word' id='word_1_263' title='bbox 265 4017 392 4088; x_wconf 83' lang='lat' dir='ltr'><em>Latina,</em></span> <span class='ocrx_word' id='word_1_264' title='bbox 413 4025 477 4075; x_wconf 88' lang='lat' dir='ltr'><em>tum</em></span> <span class='ocrx_word' id='word_1_265' title='bbox 499 4016 663 4075; x_wconf 87' lang='lat' dir='ltr'><em>editionum</em></span> <span class='ocrx_word' id='word_1_266' title='bbox 685 4024 837 4090; x_wconf 87' lang='lat' dir='ltr'><em>veterum,</em></span> <span class='ocrx_word' id='word_1_267' title='bbox 860 4026 923 4075; x_wconf 90' lang='lat' dir='ltr'><em>tum</em></span> <span class='ocrx_word' id='word_1_268' title='bbox 947 4018 1061 4076; x_wconf 90' lang='lat' dir='ltr'><em>codicis</em></span> <span class='ocrx_word' id='word_1_269' title='bbox 1082 4020 1332 4096; x_wconf 84' lang='lat' dir='ltr'><em>Regiomontani‚</em></span> <span class='ocrx_word' id='word_1_270' title='bbox 1350 4021 1380 4070; x_wconf 58' lang='lat' dir='ltr'><em>at*</em></span> 
     </span>
     <span class='ocr_line' id='line_1_33' title="bbox 266 4114 1379 4199; baseline -0.005 -26"><span class='ocrx_word' id='word_1_271' title='bbox 266 4136 326 4194; x_wconf 90' lang='lat' dir='ltr'><em>que</em></span> <span class='ocrx_word' id='word_1_272' title='bbox 350 4114 513 4191; x_wconf 88' lang='lat' dir='ltr'><em>ejusmodi,</em></span> <span class='ocrx_word' id='word_1_273' title='bbox 536 4126 569 4175; x_wconf 89' lang='lat' dir='ltr'><em>ut</em></span> <span class='ocrx_word' id='word_1_274' title='bbox 593 4118 625 4173; x_wconf 94' lang='lat' dir='ltr'><em>in</em></span> <span class='ocrx_word' id='word_1_275' title='bbox 643 4136 736 4175; x_wconf 90' lang='lat' dir='ltr'><em>versu</em></span> <span class='ocrx_word' id='word_1_276' title='bbox 757 4117 891 4176; x_wconf 87' lang='lat' dir='ltr'><em>secundo</em></span> <span class='ocrx_word' id='word_1_277' title='bbox 914 4119 975 4176; x_wconf 84' lang='lat' dir='ltr'><em>aliu</em></span> <span class='ocrx_word' id='word_1_278' title='bbox 1003 4119 1099 4177; x_wconf 85' lang='lat' dir='ltr'><em>verba</em></span> <span class='ocrx_word' id='word_1_279' title='bbox 1127 4119 1294 4199; x_wconf 86' lang='lat' dir='ltr'><em>antiquitus</em></span> <span class='ocrx_word' id='word_1_280' title='bbox 1319 4118 1379 4174; x_wconf 83' lang='lat' dir='ltr'><em>lecta</em></span> 
     </span>
     <span class='ocr_line' id='line_1_34' title="bbox 264 4215 1379 4296; baseline 0.004 -25"><span class='ocrx_word' id='word_1_281' title='bbox 264 4215 374 4286; x_wconf 83' lang='lat' dir='ltr'><em>luisse,</em></span> <span class='ocrx_word' id='word_1_282' title='bbox 398 4215 471 4272; x_wconf 83' lang='lat' dir='ltr'><em>satis</em></span> <span class='ocrx_word' id='word_1_283' title='bbox 500 4216 700 4292; x_wconf 83' lang='lat' dir='ltr'><em>demonstret3</em></span> <span class='ocrx_word' id='word_1_284' title='bbox 735 4217 790 4275; x_wconf 86' lang='lat' dir='ltr'><em>sed</em></span> <span class='ocrx_word' id='word_1_285' title='bbox 816 4218 883 4296; x_wconf 87' lang='lat' dir='ltr'><em>quis</em></span> <span class='ocrx_word' id='word_1_286' title='bbox 913 4219 985 4277; x_wconf 90' lang='lat' dir='ltr'><em>inde</em></span> <span class='ocrx_word' id='word_1_287' title='bbox 1014 4240 1137 4278; x_wconf 88' lang='lat' dir='ltr'><em>versum</em></span> <span class='ocrx_word' id='word_1_288' title='bbox 1164 4220 1314 4295; x_wconf 81' lang='lat' dir='ltr'><em>refingere</em></span> <span class='ocrx_word' id='word_1_289' title='bbox 1342 4232 1379 4269; x_wconf 77' lang='lat' dir='ltr'><em>au·</em></span> 
     </span>
     <span class='ocr_line' id='line_1_35' title="bbox 264 4311 1378 4396; baseline 0.004 -29"><span class='ocrx_word' id='word_1_290' title='bbox 264 4311 357 4369; x_wconf 73' lang='lat' dir='ltr'><em>deut?</em></span> <span class='ocrx_word' id='word_1_291' title='bbox 378 4316 557 4388; x_wconf 83' lang='lat' dir='ltr'><em>praesertim</em></span> <span class='ocrx_word' id='word_1_292' title='bbox 575 4336 643 4374; x_wconf 91' lang='lat' dir='ltr'><em>cum</em></span> <span class='ocrx_word' id='word_1_293' title='bbox 657 4324 701 4374; x_wconf 87' lang='lat' dir='ltr'><em>tot</em></span> <span class='ocrx_word' id='word_1_294' title='bbox 723 4318 871 4396; x_wconf 84' lang='lat' dir='ltr'><em>exemplis</em></span> <span class='ocrx_word' id='word_1_295' title='bbox 885 4320 951 4395; x_wconf 82' lang='lat' dir='ltr'><em>jam</em></span> <span class='ocrx_word' id='word_1_296' title='bbox 973 4319 1210 4377; x_wconf 86' lang='lat' dir='ltr'><em>demonstratum</em></span> <span class='ocrx_word' id='word_1_297' title='bbox 1231 4320 1279 4389; x_wconf 85' lang='lat' dir='ltr'><em>sit,</em></span> <span class='ocrx_word' id='word_1_298' title='bbox 1293 4320 1378 4396; x_wconf 77' lang='lat' dir='ltr'><em>quant·</em></span> 
     </span>
     <span class='ocr_line' id='line_1_36' title="bbox 264 4410 1378 4496; baseline 0.005 -35"><span class='ocrx_word' id='word_1_299' title='bbox 264 4426 356 4480; x_wconf 84' lang='lat' dir='ltr'><em>opere</em></span> <span class='ocrx_word' id='word_1_300' title='bbox 370 4410 448 4466; x_wconf 87' lang='lat' dir='ltr'><em>haec</em></span> <span class='ocrx_word' id='word_1_301' title='bbox 468 4412 678 4487; x_wconf 83' lang='lat' dir='ltr'><em>interpretatio</em></span> <span class='ocrx_word' id='word_1_302' title='bbox 694 4418 806 4475; x_wconf 81' lang='lat' dir='ltr'><em>Latina</em></span> <span class='ocrx_word' id='word_1_303' title='bbox 825 4418 919 4496; x_wconf 87' lang='lat' dir='ltr'><em>apud.</em></span> <span class='ocrx_word' id='word_1_304' title='bbox 932 4419 1127 4476; x_wconf 82' lang='lat' dir='ltr'><em>Lactantium</em></span> <span class='ocrx_word' id='word_1_305' title='bbox 1150 4439 1168 4476; x_wconf 83' lang='lat' dir='ltr'><em>a</em></span> <span class='ocrx_word' id='word_1_306' title='bbox 1186 4419 1288 4476; x_wconf 87' lang='lat' dir='ltr'><em>verbis</em></span> <span class='ocrx_word' id='word_1_307' title='bbox 1304 4414 1378 4474; x_wconf 82' lang='lat' dir='ltr'><em>Grae·</em></span> 
     </span>
    </p>
   </div>
   <div class='ocr_carea' id='block_1_6' title="bbox 0 0 1446 5184">
    <p class='ocr_par' dir='ltr' id='par_1_10' title="bbox 0 0 1446 5184">
     <span class='ocr_line' id='line_1_37' title="bbox 0 0 1446 5184; baseline 0 2"><span class='ocrx_word' id='word_1_308' title='bbox 0 0 1446 5184; x_wconf 95' lang='lat' dir='ltr'><em> </em></span> 
     </span>
    </p>
   </div>
  </div>
 </body>
</html>
