2884 5184
210 469 351 521 XXXVIII
515 463 599 511 VITA
621 461 699 510 CAR.
723 458 853 507 LUDOV.
877 457 1021 506 srauvss.

213 643 253 707 de
275 636 394 703 studiis
416 632 658 699 mathematicis
689 630 734 693 ad
757 627 970 693 Guilielmum
999 626 1136 691 fratrem
1167 626 1248 690 haec
1276 630 1350 691 scri·

213 743 279 808 bit:
304 737 403 820 „Jam
421 757 500 800 vero
522 740 653 820 praeter
673 732 777 817 ipsius
795 730 941 794 muneris
965 728 1095 793 labores
1119 729 1350 792 mathematica

212 863 264 905 me
286 846 375 902 tenet
392 845 425 899 et
448 857 469 897 a
489 834 639 899 tristibus
664 829 922 916 cogitationibus
942 830 1073 896 avertit.
1117 829 1258 893 Duobus
1282 828 1349 892 fere

213 941 333 1008 abhinc
354 938 449 1003 annis
472 957 571 1021 quum
592 934 688 1019 gravi
704 932 818 997 morbo
839 930 1000 1014 afflictus,
1024 940 1061 996 ut
1079 952 1263 1011 recrearer,
1283 935 1350 996 ruri

213 1039 391 1126 degebam,
422 1036 501 1101 solis
541 1034 659 1098 studiis
696 1034 935 1097 mathematicis
963 1055 1056 1097 mens
1089 1024 1140 1096 est
1175 1030 1349 1095 delectata.
1429 1042 1430 1047 ’

215 1140 452 1223 Quaestionem
474 1137 514 1200 de
536 1145 656 1201 natura
678 1155 902 1215 numerorum,
923 1134 1111 1200 inchoatam
1139 1142 1227 1213 tum,
1252 1133 1351 1196 etiam

214 1250 328 1331 postea
349 1261 415 1305 non
442 1236 591 1322 neglexi,
617 1236 676 1300 sed
696 1245 734 1298 ut
755 1245 867 1320 aptam
887 1235 1121 1300 recreationem
1145 1235 1265 1298 ceteris
1287 1243 1351 1297 stu·
1429 1272 1430 1289 t

214 1344 278 1410 diis
306 1341 496 1426 interposui.
543 1336 668 1401 Eadem
695 1338 730 1400 in
762 1337 968 1424 proscenium
998 1335 1180 1399 studiorum
1206 1358 1352 1399 meorum

216 1445 324 1509 denuo
347 1439 469 1527 prodiit
487 1438 637 1523 proximo
656 1446 847 1518 auctumno,
871 1458 971 1523 quum
998 1457 1112 1500 rursus
1134 1437 1250 1502 morbo
1279 1458 1352 1522 gra-

215 1543 319 1611 vabar
341 1550 373 1607 et
393 1539 586 1627 praesertim
601 1560 701 1625 quum
712 1538 780 1602 Dei
797 1536 1005 1624 providentia
1024 1536 1260 1621 gravissimum
1275 1538 1353 1601 mihi

216 1642 389 1729 infligebat
418 1638 549 1706 vulnus.
600 1638 696 1705 Nunc
731 1662 809 1704 vero
841 1639 927 1703 hanc
954 1640 1179 1724 quaestionem
1206 1647 1245 1701 ut
1273 1661 1352 1725 opus

216 1743 426 1808 subsecivum
449 1739 493 1802 ad
519 1748 643 1803 certum
671 1739 835 1824 quendam
865 1739 964 1803 finem
990 1739 1191 1804 adducturus
1223 1760 1297 1801 sum
1322 1748 1352 1801 et

217 1841 354 1921 deinde,
386 1848 561 1926 postquam
594 1839 760 1922 Besselio,
797 1839 953 1922 Jacobio,
993 1840 1067 1904 aliis
1097 1840 1353 1904 examinandam

216 1962 290 2007 eam
310 1962 524 2027 proposuero,
545 1939 635 2003 haud
654 1940 721 2003 scio
743 1961 787 2003 an
808 1938 931 2026 publici
949 1942 1037 2027 juris
1062 1941 1194 2005 faciam.
1229 1941 1352 2004 Verum

215 2042 394 2123 Addenda,
413 2063 498 2128 quae
518 2064 561 2106 ex
582 2042 661 2107 solis
681 2042 828 2107 numeris
843 2051 1010 2125 constant,
1023 2041 1097 2129 plus
1113 2052 1244 2107 centum
1261 2044 1354 2128 quin·

217 2144 377 2231 quaginta
392 2141 472 2207 folia
492 2152 582 2207 arcte
602 2142 725 2227 scripta
746 2141 943 2228 0011101001.α
986 2143 1151 2207 Proximis
1173 2145 1270 2207 annis
1293 2114 1363 2207 hoc⁶

1428 1146 1430 1267 1

1427 1334 1430 1487 1

1428 2098 1430 2193 l

217 2266 300 2332 opus
329 2242 516 2310 absolutum
541 2266 616 2308 cum
645 2242 794 2307 Besselio
824 2251 857 2306 et
883 2242 1038 2326 Jacobio,
1079 2243 1169 2308 Viris
1199 2244 1354 2322 Summis,
1429 2316 1430 2323 ἵ

220 2345 490 2429 communicavit,
527 2347 585 2432 qui
616 2345 681 2410 viri
715 2344 801 2409 hanc
823 2343 937 2409 Patrui
974 2343 1237 2430 disquisitionem
1269 2344 1356 2408 tanti
1429 2380 1430 2403 ;

217 2447 418 2528 habuerunt,
442 2454 479 2511 ut
500 2446 680 2511 identidem
703 2467 779 2509 eum
799 2454 987 2526 monerent,
1010 2454 1047 2508 ut
1068 2448 1157 2532 typis
1177 2446 1357 2511 excuderet

160 2578 163 2581 ·
218 2569 288 2614 sua.
335 2543 458 2627 Orelle,
482 2546 521 2610 V.
544 2546 600 2626 D.,
625 2544 731 2611 editor
758 2544 856 2609 diarii
875 2544 1097 2610 mathematici
1118 2548 1357 2630 Berolinensis,

218 2647 350 2732 roganti
373 2646 495 2711 Patruo
517 2653 620 2711 totum
650 2645 861 2728 fasciculum,
893 2669 958 2732 quo
988 2646 1070 2712 haec
1100 2650 1357 2730 continerentur,

218 2748 377 2836 permisit.
425 2747 583 2812 Attamen
612 2768 711 2832 quum
740 2747 800 2811 vix
828 2748 944 2834 quinta
973 2770 1049 2834 pars
1075 2749 1262 2814 tabularum
1292 2749 1359 2814 1100

218 2847 377 2913 fasciculo
397 2850 471 2935 capi
492 2856 620 2935 posset,
641 2870 749 2935 neque
771 2846 838 2911 alia
860 2870 895 2912 se
917 2849 948 2912 ei
970 2850 1100 2914 offerret
1121 2850 1222 2915 totius
1245 2852 1358 2936 operis
1428 2898 1429 2903 1

217 2949 338 3014 edendi
358 2952 503 3032 occasio,
532 2952 792 3037 manuscriptum
816 2948 954 3016 Jacobio
980 2948 1135 3033 tradidit,
1164 2960 1200 3015 ut
1226 2974 1283 3038 pro
1307 2951 1359 3016 lu-

217 3050 287 3116 bito
309 3073 348 3115 00
366 3059 524 3117 uteretur.
553 3051 618 3115 Hic
640 3073 741 3118 unam
762 3050 894 3115 illarum
915 3049 1102 3115 tabularum
1124 3052 1248 3137 publici
1265 3054 1360 3137 juris

218 3152 298 3216 fecit
319 3152 354 3215 10
377 3149 490 3215 (1101111
514 3150 619 3214 diario
641 3149 829 3216 laudatoca.
855 3152 945 3215 1845.
970 3151 1024 3238 (Τ.
1050 3153 1164 3217 ΧΧΧ.
1187 3153 1282 3217 Fasc.
1309 3155 1361 3220 ΙΙ.

218 3275 251 3338 p.
278 3249 382 3333 180.),
420 3251 456 3312 in
487 3256 565 3313 nota
595 3248 677 3313 haec
709 3250 892 3331 addens:*)
926 3252 1009 3335 „Dm
1047 3254 1182 3336 Struve,
1213 3256 1362 3322 director

217 3349 383 3436 quondam
413 3348 579 3433 gymnasii
610 3348 715 3413 urbici
745 3350 993 3434 Regimontani,
1028 3377 1112 3418 unus
1139 3377 1182 3420 ex
1207 3357 1362 3440 ingenio-

219 3451 358 3515 sissimis
385 3447 576 3537 philologis,
607 3449 745 3514 schedas
779 3450 999 3536 amplissimas
1028 3453 1113 3521 dono
1143 3456 1224 3521 mihi
1251 3458 1362 3542 dedit,

218 3549 337 3637 quibus
366 3550 659 3636 decompositiones
684 3553 829 3617 omnium
856 3575 1065 3619 numerorum
1092 3558 1222 3643 parium
1248 3581 1362 3645 usque

320 3787 346 3854 *)
371 3790 446 3852 „Dor
468 3791 645 3841 voratorbena
671 3791 800 3842 Director
828 3791 875 3841 des
894 3790 1092 3842 altstadtschen
1110 3793 1302 3859 Gymnasiums
1334 3799 1363 3846 in

216 3875 390 3940 Kiinigabarg
406 3877 425 3928 i.
443 3879 489 3928 Pr.
503 3879 553 3929 Dr.
573 3878 685 3941 Strnve,
697 3878 772 3927 einer
783 3876 831 3927 (101
841 3876 1049 3942 gsistreichsten
1060 3878 1231 3945 Philologen,
1247 3882 1362 3932 machte

216 3961 267 4011 mir
283 3961 346 4012 sehr
364 3962 570 4029 umfangrsiche
587 3965 702 4029 Papiere
721 3979 783 4012 uum
803 3962 960 4025 Geschank,
980 3963 1082 4014 welche
1100 3965 1144 4016 die
1160 3966 1362 4032 Zarfa‘llnngen

217 4047 283 4098 01101·
301 4048 420 4113 geraden
437 4049 540 4099 Zahlen
556 4048 600 4099 bis
618 4049 703 4099 laceo
720 4049 749 4097 in
767 4048 824 4098 drei
841 4049 980 4112 Quadrata
999 4049 1147 4103 enthalten.
1184 4053 1241 4102 Ans
1259 4052 1360 4103 diesen

218 4131 255 4180 ist
273 4133 318 4183 (110
336 4133 839 4185 1010101001οΤ01101100010010οι00.
875 4135 975 4185 Leidor
992 4135 1054 4184 sind
1071 4137 1100 4184 in
1124 4137 1218 4186 diesen
1238 4139 1362 4189 Berech.

216 4234 340 4282 nungen,
359 4218 460 4271 welche
478 4236 532 4270 von
550 4204 671 4270 11000111
695 4221 879 4284 Zerstreuung
896 4220 924 4268 in
943 4220 1018 4270 einer
1042 4221 1180 4273 schweren
1202 4224 1361 4277 Krankheit

215 4306 420 4352 unternommen
436 4304 561 4366 werden,
578 4304 720 4355 biswoilen
733 4307 822 4370 einige
841 4305 888 4355 (101
913 4307 955 4356 011
978 4305 1040 4356 sehr
1062 4307 1233 4356 zahlreichen
1253 4309 1361 4358 Zerfal-

216 4386 317 4452 lungen
342 4388 416 4436 einer
435 4388 503 4437 Zahl
526 4389 718 4453 ausgelassen,
745 4391 873 4441 wodurch
897 4392 945 4441 der
965 4391 1062 4441 Werth
1086 4391 1175 4442 dieser
1199 4393 1359 4444 miihvollen

218 4471 273 4522 und
290 4471 491 4523 interessenten
509 4473 604 4523 Arbcit
620 4475 773 4541 uerringert
790 4476 887 4527 wird.“
