2884 5184
271 450 331 510 116
603 456 799 504 ouucuns
822 455 1070 504 srnrnmus.

269 654 361 694 vorsu
387 654 443 712 pro
472 623 559 691 δώσει
585 624 759 691 σπάσασθαι
787 630 952 709 legendum
979 651 1048 690 esse
1079 627 1166 692 δύσει
1192 625 1392 706 πάσασθαι,

269 735 352 817 quod
375 734 569 793 confirmatur
592 753 683 791 versu
706 734 807 791 statim
828 744 996 814 sequente:

434 828 506 895 diors
527 836 635 913 φαγεῖν
653 827 766 912 σάρκας
786 831 899 912 γονέων
920 834 1063 912 βασιλῆος
1082 821 1231 912 άνάγνον.

268 963 298 1000 v.
317 938 389 999 237.
406 959 452 1018 sq.
479 919 519 1015 ἦν
537 925 603 993 πότ’
626 930 659 992 ἕν
679 920 854 1015 άνθρτύποις
875 926 1010 1015 λαμπρὸν
1028 932 1114 1005 σέλας
1131 926 1261 1013 ἠελίοιο,

477 1031 671 1114 σπειρομένῃς
692 1026 811 1107 άκτῖνος
832 1026 1087 1113 ὁμοσπούύοιο
1105 1042 1281 1117 προφητῶν.

268 1143 352 1201 Malo
375 1142 448 1199 olim
468 1129 648 1216 ὃμοσπόδοιο
667 1148 828 1197 exaratum
853 1147 929 1197 erat.
975 1136 1112 1196 Castalio
1135 1161 1281 1220 quoque:

771 1241 844 1299 solis
860 1239 955 1319 jubar
975 1240 1055 1297 inter

436 1344 579 1403 mortales
600 1344 672 1401 olim
694 1343 810 1400 clarum
831 1342 903 1414 fuit,
927 1340 1094 1399 irradiante

435 1446 549 1504 lumine
573 1444 760 1503 concordi
785 1454 899 1502 vatum.

269 1568 298 1605 v.
325 1544 397 1603 252.
433 1535 530 1605 ούκέτι
551 1544 661 1625 συρίξει
682 1536 808 1624 σάλπιγξ
830 1534 1111 1619 πολεμύκτονον
1130 1531 1214 1621 ἦχον.
1256 1570 1267 1587 ·

270 1648 378 1706 Facile
401 1657 530 1724 apparet
552 1648 717 1725 legendum
739 1666 807 1705 esse
829 1633 1120 1720 πολεμύκλονον.

269 1744 384 1805 aaut.
393 1768 460 1826 sqq.
474 1735 602 1804 Ἰουδαία
619 1747 769 1827 χαρίεσσα,
792 1734 869 1824 καλὴ
887 1736 987 1820 πόλις,
1007 1743 1139 1819 ἔνθεος
1156 1740 1308 1826 ύμνων·

480 1837 578 1904 ούιιίτι
598 1841 753 1921 βακχεύσει
773 1849 930 1926 Περσῶν
949 1838 1046 1923 χθόνα
1068 1842 1161 1921 πούς
1182 1841 1355 1930 άτιάθαρτος

472 1936 639 2022 Ἑλλήνων,
661 1934 875 2024 ὃμόθεσμον
896 1944 954 2006 ε’νὶ
970 1941 1178 2026 στήθεσσιν
1194 1951 1290 2028 ἔχων
1311 1955 1387 2011 voris.

271 2051 360 2109 Haec
382 2046 478 2107 verba
501 2068 563 2105 non
585 2045 659 2104 satis
683 2044 833 2120 intelligo.
875 2050 989 2109 Nescio
1012 2051 1087 2131 quid
1106 2053 1145 2111 sit
1168 2050 1277 2124 ἔνθεος
1297 2047 1388 2131 ύμνων,

270 2161 333 2211 tum
364 2169 443 2231 quae
471 2148 660 2224 intelligatur
688 2146 815 2223 Περσῶν
842 2139 941 2221 χθίον,
968 2173 1060 2232 quum
1086 2152 1124 2212 de
1151 2154 1280 2214 Judaea
1309 2175 1387 2216 senno

271 2256 324 2328 sit3
354 2252 409 2311 scd
435 2252 486 2309 hic
514 2250 618 2308 forsan
645 2248 732 2324 legas
758 2234 856 2304 ούιιέτι
882 2246 1033 2323 βακχεύσει
1061 2253 1146 2334 περὶ
1170 2247 1245 2333 σὴν
1274 2251 1387 2334 χθόνα,

271 2355 421 2414 Hellenos
451 2353 532 2412 enirn
557 2360 627 2410 sunt
654 2369 759 2409 omnes
788 2347 929 2424 gentiles.
973 2348 1113 2414 Tandem
1141 2379 1216 2416 vero
1233 2350 1388 2435 ‚offerar

271 2457 345 2514 νοῦν
364 2449 426 2513 non
448 2454 615 2533 perspicio,
638 2471 740 2533 neque
752 2469 945 2527 'magnopere
963 2448 1087 2526 plaeere
1110 2468 1212 2533 potest
1236 2455 1312 2531 πούς
1331 2458 1388 2536 ἔχων

271 2552 303 2613 ἐν
327 2548 468 2632 στήθεσσι
490 2555 572 2612 νοῦν.
617 2553 769 2612 Castalio:

436 2654 571 2732 impurus
595 2653 716 2713 diram
739 2653 791 2732 qui
815 2652 873 2712 fert
893 2653 924 2710 in
944 2661 1070 2730 pectore
1091 2664 1239 2730 mentem,

272 2756 360 2836 quasi
383 2763 465 2814 esset
485 2746 725 2832 ολμύθεσμον,
747 2752 829 2834 quod
850 2762 954 2813 tamen
975 2762 1103 2811 metrum
1125 2760 1253 2833 respuit.

271 2879 300 2915 v.
315 2855 463 2937 265.sqq.
479 2845 555 2915 άλλά
577 2871 608 2916 σε
630 2845 788 2932 κοθάλιμοι
807 2853 910 2926 παῖδες
929 2847 1168 2933 περιτιμήσοοσι,

479 2953 530 3016 καλ
549 2948 690 3033 μούσας
710 2949 857 3034 γλώσσαις
877 2944 1008 3033 ἆγίαισιν
1025 2951 1244 3035 ἐπιστήσονται,

477 3057 630 3129 παντοίαις
648 3056 785 3116 θυσίαισι
804 3054 854 3116 καί
871 3048 996 3134 εύχαῖς
1017 3055 1269 3135 ἕνθεοτίμοις.

271 3155 401 3232 Μούσας
427 3179 519 3219 sensu
543 3157 673 3233 jubente
702 3158 774 3218 dedi
799 3179 854 3238 pro
886 3151 1018 3234 μούσοις.
1064 3160 1127 3219 Sed
1159 3160 1283 3218 videtur
1314 3160 1387 3218 etiam

269 3262 365 3319 fuisse
393 3249 564 3334 εὐχαῖσιν
591 3258 791 3334 θεοτίμοις
818 3253 969 3337 (θεότιμος
994 3262 1088 3321 habet
1116 3261 1260 3341 Orpheus
1291 3263 1386 3339 Hynro.

270 3359 320 3418 27.
347 3359 374 3416 l.
397 3347 561 3417 άθανάτων
582 3351 701 3435 θεότεμε
716 3364 799 3421 θεῶν
825 3364 939 3441 μῆτερ).
976 3363 1018 3422 Ut
1041 3364 1072 3422 in
1091 3365 1148 3423 hoc
1170 3365 1240 3422 loco
1261 3362 1385 3441 Sibyllae

270 3461 405 3521 dativum
430 3480 492 3519 una
516 3459 638 3538 syllaba
662 3466 818 3538 auximus,
846 3466 889 3523 ita
917 3485 946 3522 v.
970 3461 1042 3523 279.
1071 3487 1140 3524 euin
1161 3486 1223 3524 una
1245 3463 1382 3524 truncabi-

268 3584 350 3637 mus,
370 3584 425 3643 pro

433 3658 588 3743 σεμνύνειν
606 3657 833 3741 στομάτεσσι
854 3661 956 3736 νέοις
977 3663 1028 3726 uoti
1050 3666 1152 3744 χείλεσι
1173 3672 1284 3749 μωροῖς

267 3768 435 3825 certissima
454 3768 631 3845 conjectura
652 3767 873 3827 rescribentes:

434 3859 589 3944 σεμνύνειν
610 3858 828 3945 στομάτεσσ’
850 3864 972 3939 ἐνίοις
994 3866 1045 3927 καὶ
1064 3868 1166 3946 χείλεσι
1187 3874 1304 3950 μωροῖς.

266 3968 329 4026 Vix
352 3969 432 4027 enim
454 3970 514 4028 dici
536 3980 651 4048 potest,
674 3981 865 4051 quantopere
886 3968 964 4041 ἔνεος
986 3971 1151 4030 acrioribus
1166 3972 1214 4030 his
1230 3973 1260 4029 in
1277 3970 1380 4029 deliciis

265 4068 373 4141 fuerit,
391 4079 454 4128 tum
471 4073 596 4150 propria
609 4074 843 4149 significatione,
859 4082 922 4132 turn
938 4094 993 4151 pro
1009 4074 1168 4152 stupido
1185 4084 1215 4132 et
1230 4073 1380 4138 insulsa

266 4168 305 4226 cf.
328 4169 451 4229 Ruhnk.
476 4172 516 4230 ad
535 4173 614 4231 Tim.
635 4195 666 4251 p.
688 4172 759 4233 102.

264 4289 294 4325 v.
308 4264 566 4351 327.sqq.“rtaer
587 4274 772 4357 παγγενέτωρ
793 4278 962 4359 τραφερῇ
983 4271 1072 4353 χθονί
1091 4277 1127 4357 τῇ
1147 4269 1326 4357 πολυκάρπςο

469 4363 600 4453 Ἰουδαίᾳ
619 4370 732 4457 μεγάλῃ
749 4374 800 4435 ῗνα
818 4368 871 4447 σάς
890 4371 1009 4455 γνώμας
1031 4374 1231 4453 ε’πίδωμεν’

473 4467 582 4542 ταύτην
603 4464 661 4548 γάρ
679 4469 800 4551 πριύτην
821 4475 898 4553 ἔγνω
916 4471 992 4537 θεὸν
1013 4476 1045 4538 ἐν
1063 4479 1241 4558 χαρίτεσσιν,
