2884 5184
385 474 574 535 oumrus
598 475 860 525 sunericus.
1151 460 1193 527 43

41 650 226 709 referimus.
278 648 415 727 Vulgata
444 656 525 709 erut:
560 640 689 721 ἄλσιος
715 648 786 728 (οἱα)
812 647 849 712 ἐτι
872 650 1027 712 πτίίοιο.
1079 655 1194 714 Verum

44 750 98 808 ad
122 749 288 811 sanandum
312 751 371 810 boc
389 752 499 811 vulnus
518 751 671 830 peritioris
690 772 740 811 me
762 752 873 812 medici
890 770 997 814 munus
1018 757 1193 836 requiritur,

43 853 85 910 ni
112 852 167 911 fuit
186 844 324 923 ἅλσεος
344 843 571 932 εὖρυπέδοιο
588 861 622 911 ut
642 843 753 930 χθονὸς
771 839 945 933 εὖρυπέιίοιο
965 852 999 929 2,
1025 850 1095 916 198.

44 953 110 1012 De
130 973 159 1011 v.
185 950 255 1012 149.
279 952 319 1012 cf.
341 951 454 1012 Adnot.
475 953 516 1012 ud
538 951 571 1027 8,
596 952 668 1014 331.

44 1090 83 1127 v.
114 1069 182 1129 157.
436 1070 644 1151 κατηρείποντο
663 1067 695 1131 δὲ
715 1067 782 1130 λαοὶ

186 1163 299 1248 αι’ίτως,
319 1158 386 1249 ἠΰτ’
410 1163 526 1249 ἄμαλλα
546 1167 652 1252 θέρευς
674 1170 859 1257 δυςθαλπέος
881 1165 958 1257 ὅρη,

186 1263 231 1349 ἦν
252 1264 291 1350 §oi
311 1264 342 1332 τ’
363 1267 557 1352 ἐπισπέρχουσι
576 1269 647 1333 doci
668 1269 755 1352 γέρας
772 1263 926 1355 οἷμητῆρες.

45 1367 95 1450 ἥν
118 1370 221 1452 duest
243 1395 262 1432 a
282 1373 521 1451 Rhodomunn03
544 1374 602 1435 fuit
621 1383 713 1434 antea
734 1365 770 1435 dv
786 1372 832 1453 ρα.
869 1376 1094 1455 Reponendum
1116 1377 1194 1437 duco

46 1467 105 1552 ἢν
129 1477 191 1535 sive
213 1463 274 1551 dv,
294 1482 328 1535 ut
345 1477 494 1554 jungatur
513 1470 705 1556 ἐπισπέρχασι
727 1464 821 1555 χέρας.

49 1616 84 1652 v.
113 1592 183 1653 173.
477 1589 509 1650 οἴ
528 1583 560 1653 δ’
579 1584 723 1673 ὁρόωντες

186 1684 402 1771 ἐσσυμένως
425 1684 580 1773 τρομέουσι

48 1796 130 1875 lege
152 1790 386 1873 ἐσσυμένους
402 1816 444 1855 sc.
463 1786 565 1867 κείνας.

51 1911 265 1973 ν.184.ἐνθιι
284 1936 338 1987 τις
352 1906 548 1993 Ἀργείων,
567 1902 588 1992 ἢ
605 1905 707 1995 κάρτεϊ
725 1907 823 1994 ποίγχυ
844 1910 1011 1993 πεποιθὼς,

186 2003 207 2093 ἢ
227 2014 348 2095 Μοίρης
368 2007 477 2092 ἰότητι,
500 2007 686 2095 λιλαιομένης
706 2039 759 2094 μιν
777 2003 911 2089 ὀλέσσαι,

187 2107 329 2197 φείγοντ’
353 2113 386 2177 ἐκ
406 2107 546 2193 πολέμοιο
565 2108 705 2195 δυσηχέος
725 2115 819 2178 ἲππον
838 2114 926 2199 ἔρυκε
947 2128 1005 2178 etc.

54 2229 112 2302 aut
132 2221 333 2280 vehementer
350 2219 458 2292 fallor,
480 2227 533 2278 aut
551 2239 606 2298 pro
629 2239 673 2289 τις
690 2206 831 2298 Ἀργείων
851 2220 1063 2297 reponendum
1079 2231 1126 2282 est
1141 2243 1194 2282 no-

55 2343 129 2381 men
159 2319 285 2402 aliquod
313 2321 469 2401 proprium
496 2321 571 2395 viri3
598 2338 670 2377 nam
696 2338 759 2377 non
784 2316 928 2395 ignobilis
953 2321 1011 2379 iste
1041 2320 1080 2379 de
1102 2322 1194 2400 plebe

56 2431 107 2481 est
134 2412 222 2501 (ἅναξ
241 2431 368 2484 vocatur
390 2443 421 2480 v.
441 2419 541 2500 rou),
574 2439 676 2501 neque
703 2421 736 2479 in
761 2420 939 2480 universum
965 2421 998 2479 in
1023 2442 1220 2500 pugnarum

57 2522 316 2602 descriptionibus
340 2529 463 2582 veteres
484 2521 576 2602 Epici
603 2541 786 2603 quemquam
813 2522 880 2581 sive
901 2510 1020 2583 fortiter
1040 2543 1196 2603 pugnasse

57 2625 125 2684 sive
155 2643 278 2684 caesum
305 2643 374 2684 esse
402 2615 542 2697 uerrunt,
569 2625 629 2685 nisi
648 2645 769 2705 semper
791 2622 895 2686 addito
917 2626 1040 2686 nomine
1062 2626 1131 2685 viri.
1154 2660 1196 2670 —

58 2747 88 2785 v.
101 2722 174 2784 251.
192 2746 248 2806 pro
261 2715 381 2786 ὅντιν’
399 2720 531 2785 ἕλοντο
544 2725 615 2803 lege
629 2714 748 2786 ὅντιν’
765 2720 919 2786 ἕλοιντο.

59 2865 89 2903 v.
105 2840 179 2903 272.
195 2863 263 2925 sqq.
360 2833 442 2902 Αἶσα
461 2835 520 2921 γὰρ
540 2834 616 2902 ἄλλα
632 2826 813 2914 πολύστονος
833 2833 1048 2921 ὦρμαίνεσιιεν·

189 2935 271 3016 ἅζετο
290 2932 320 3003 δ’
341 2934 407 3003 οὔτε
425 2945 511 3022 Ζῆνα
529 2935 690 3022 πελοίριον,
709 2934 776 3002 οὔτε
796 2935 857 3002 τιν’
877 2934 977 3003 ἄλλων

191 3033 369 3104 ἀθανάτων·
393 3032 429 3103 οὗ
448 3038 508 3124 γάρ
528 3064 556 3104 τι
577 3033 783 3124 μετατρέπεται
804 3035 872 3115 νόος
892 3033 976 3115 αίνὸς

190 3143 304 3222 πείνης,
325 3137 428 3205 ὅντινα
447 3146 565 3224 πρῶτον
585 3132 641 3205 ἐπ’
663 3134 794 3224 ἄνδροὶσι
814 3139 1044 3224 γεινομένοισιν,

188 3232 336 3326 dcccdccc
356 3236 378 3324 ἢ
397 3243 613 3323 πολίεσσιν,
635 3237 832 3325 ἐπικλοίσηται
852 3236 978 3330 ἆφιίιιτιγ

189 3337 309 3424 νήματι·
332 3348 369 3428 τῇ
390 3339 421 3406 d’
440 3337 500 3406 duo
520 3339 621 3408 πάντα
641 3339 678 3407 τὰ
696 3344 752 3426 μέν
773 3340 939 3425 φθινύθει,
959 3338 995 3408 sd
1017 3338 1047 3409 δ’
1070 3342 1154 3426 diget.

61 3468 179 3526 Locum
203 3466 285 3525 bunc
313 3474 486 3545 corruptum
509 3485 595 3540 esse,
625 3466 718 3527 facilc
742 3466 967 3527 demonstrabo.
1011 3470 1198 3531 Medicinam

62 3568 177 3627 ulceris
210 3587 229 3626 a
259 3557 436 3627 melioribus
465 3565 622 3627 codicibus
652 3574 810 3645 exspecto.
854 3567 906 3626 Ex
934 3565 1070 3629 Homero
1102 3580 1199 3632 totum

62 3668 164 3729 locum
180 3668 308 3747 petitum
329 3687 398 3728 esse
423 3674 518 3746 potet.
542 3665 695 3740 cf.‚Iliud.
721 3662 798 3738 120,
819 3662 870 3724 27.
897 3663 967 3725 128.

312 3757 436 3846 ὕστερον
452 3749 524 3824 αὖτε
545 3754 582 3824 τιλ
598 3762 743 3839 πείσεται,
765 3755 842 3822 ἅσσα
864 3763 896 3825 ολ
910 3757 992 3824 Αίσιι

190 3863 351 3949 γεινομίνφ
372 3863 493 3943 ἐπένησε
514 3864 596 3948 λίνῳ.

66 3986 141 4047 Cum
161 3985 265 4046 verbis
281 3980 389 4061 Quinti
402 3982 511 4042 mirum
526 3992 673 4065 quantum
688 3982 832 4043 convenit
848 3982 977 4042 Lucian.
994 3982 1018 4042 J
1019 4003 1068 4042 ov.
1084 3985 1198 4045 confut.

67 4108 91 4146 c.
117 4085 144 4144 1.
167 4087 206 4145 Τ.
228 4083 258 4143 2.
284 4103 356 4163 pag.
379 4080 431 4142 96.
453 4082 505 4143 97.
538 4085 713 4162 Interrogat
735 4080 886 4162 Oynisous
907 4082 1035 4144 Jovem:
1059 4076 1121 4142 είπί
1143 4069 1200 4144 οὖν

66 4207 129 4262 μοι,
164 4183 191 4245 τί
213 4175 317 4262 ἀληθῆ
344 4178 438 4260 ἐστιν,
470 4173 492 4244 d
518 4181 586 4265 περί
610 4186 663 4263 τῆς
688 4178 879 4262 Εἱμαρμένης
903 4179 955 4243 ταί
981 4184 1042 4242 τῶν
1069 4186 1201 4263 Μοιρῶν

67 4282 171 4345 ἐκεῖνοι
196 4276 464 4368 ἐρραψῳδήκασιν,
490 4277 612 4361 σ”φυιιτα
631 4274 724 4360 εἶναι,
750 4274 846 4343 ὁπόσα
867 4275 907 4343 dv
930 4268 1018 4344 αὗται
1038 4274 1200 4361 ἐπινήσυσι

67 4381 223 4468 γεινομένῳ
243 4376 367 4470 ίτιίστφ.
413 4383 593 4465 Respondet
609 4384 734 4464 Jupiter
756 4385 835 4445 inter
859 4380 937 4444 aliu:
966 4374 1079 4462 πάντα,
1104 4373 1199 4446 ὁπόσα
1242 4439 1244 4444 .

67 4484 208 4564 γίγνεται,
242 4477 302 4544 ὑπὸ
328 4485 372 4566 τῷ
395 4479 509 4546 τούτων
536 4475 674 4570 ἆτρνίιιτιμ
705 4477 888 4566 στρεφόμενα
917 4473 1012 4558 sidric
1043 4480 1073 4559 ἐξ
1107 4475 1199 4565 ἆρχῆς
