2884 5184
190 533 200 550 .
282 495 340 556 114
613 493 811 544 crescunt
834 491 1076 540 susumus.

280 678 401 760 σελίνῳ,
434 676 521 753 apio,
551 671 676 731 deducit
702 671 833 750 Sibylla.
886 669 993 745 Nugas
1022 666 1197 746 Opsopaei,
1231 685 1289 724 cur
1318 666 1410 743 apium

165 845 169 864 Ι
254 773 376 851 ’ἄνθος
401 767 536 852 ἆνεμείης
558 783 704 847 vocetur,
738 781 880 852 repetere
908 770 991 828 nolo.
1037 768 1111 827 Sine
1146 767 1240 826 dubio
1277 777 1411 844 corrupta

281 891 329 942 est
348 901 421 939 vox.
458 876 522 936 Sed
536 877 636 949 facili,
658 877 690 933 ni
705 875 811 946 fallor,
832 881 863 932 et
878 872 1013 948 eleganti
1029 869 1245 930 emendatione
1261 878 1410 947 corrupte-

279 985 330 1042 lae
356 980 472 1041 mederi
499 998 669 1057 possumus.
714 976 914 1034 Notissimum
943 982 1006 1044 est,
1037 973 1107 1050 apio
1136 980 1304 1029 coronatos
1327 970 1411 1028 fuisse

279 1084 413 1142 victores
435 1079 569 1140 inludis
591 1078 728 1137 Nemeis.
773 1074 975 1135 Scribendum
997 1076 1113 1154 itaque.

904 1163 997 1232 ἆλλᾶ
1019 1174 1182 1251 Νεμείης

488 1274 599 1351 α”νθεος
618 1268 725 1355 οὔνομ’
749 1274 864 1355 ἔχουσα.

280 1385 406 1444 Nullum
428 1383 550 1464 quidem
572 1381 746 1459 exemplum
761 1379 870 1437 afferre
885 1399 1024 1457 possum,
1047 1377 1100 1436 ubi
1116 1374 1230 1451 Νεμεία
1244 1398 1304 1456 pro
1322 1373 1408 1452 Νεμέα

280 1494 435 1561 occurrat3
466 1484 521 1544 sed
547 1484 618 1542 huie
646 1481 786 1559 Sibyllae
813 1480 888 1538 talia
917 1477 1120 1538 condonanda
1147 1486 1227 1535 sunt.
1277 1476 1407 1555 Quodsi

281 1588 349 1668 quis
376 1588 475 1646 minus
497 1586 585 1645 nobis
612 1584 720 1661 largiri
746 1581 837 1652 velit,
863 1601 925 1638 non
949 1580 1044 1638 multo
1070 1579 1229 1638 audaciori
1251 1580 1405 1638 mutatione

279 1688 384 1765 legere
411 1688 521 1766 possit:
551 1675 648 1743 ἄλλα
674 1682 843 1757 Νεμείου
871 1674 983 1752 ύνθεος
1004 1691 1080 1753 etc,
1113 1691 1147 1740 ut
1169 1673 1269 1750 ύνθος
1292 1677 1405 1755 Νέμειον

280 1796 406 1847 vocetur
424 1790 535 1866 apium.
581 1787 661 1845 Nam
683 1782 810 1860 Νέμειος
829 1803 885 1861 pro
908 1786 1054 1860 Νεμεαῖος
1075 1784 1205 1862 reperiri
1229 1782 1316 1862 apud
1337 1782 1402 1838 Pan·

279 1887 397 1945 saniem
415 1887 554 1968 aliosque
572 1884 751 1945 monstrabit
770 1884 894 1942 Berkel.
914 1884 953 1941 ad
973 1884 1081 1963 Steph.
1105 1885 1240 1961 Byzant.
1264 1907 1296 1964 p.
1319 1881 1381 1942 586.

279 2008 309 2045 v.
332 1986 383 2046 56.
406 2009 453 2068 sq.
488 1984 599 2047 ἔσσεται
619 1978 707 2064 ἤματι
729 1983 817 2061 τῷδε,
835 1974 908 2042 ὅταν
925 1981 995 2044 ποτὲ
1016 1987 1153 2055 Νεῖλος
1170 1977 1314 2068 ὅδεύση

487 2091 579 2166 γαῆιν
596 2077 670 2163 ὅλην
689 2084 845 2162 Αἴγιυντον
863 2080 918 2155 ἕως
941 2087 1044 2161 πηχῶν
1065 2084 1138 2145 δέκα
1160 2084 1211 2145 καὶ
1235 2082 1276 2161 ἕξ.

279 2189 460 2267 Legendum
481 2197 528 2248 cst
549 2191 686 2259 Νεῖλος
705 2177 833 2267 δεύσῃ.

280 2311 310 2348 v.
325 2287 471 2372 i25.sqq.
489 2290 522 2350 αλ
543 2289 578 2349 αἴ
594 2308 656 2364 σοι,
678 2286 795 2363 Λυκίη,
816 2278 872 2346 ὅσα
893 2303 941 2346 σοι
963 2278 1043 2346 κακὰ
1065 2280 1329 2365 μηχανάαται,

487 2384 622 2462 πόντος
644 2378 704 2448 ἄπ’
728 2378 942 2463 αύτομύτου
964 2381 1067 2467 ἐπιβὰς
1088 2382 1183 2467 χούρης
1203 2382 1366 2468 ύλεγεινης,

488 2484 528 2562 ὦς
549 2494 716 2550 κλαῦσαι
738 2492 848 2571 σεισμῷ
872 2510 902 2548 τε
920 2491 1004 2571 κακῷ
1027 2488 1077 2549 καλ
1101 2483 1212 2568 νάμασι
1232 2494 1350 2572 πικροῖς

488 2581 544 2668 την
556 2591 673 2669 Λυκίης
689 2584 834 2669 ύμυρον
848 2588 899 2649 καὶ
913 2581 968 2667 τὴν
982 2591 1197 2669 μυρίπνουν
1213 2588 1286 2653 ποτὲ
1302 2591 1396 2670 χέρσον.

489 2690 567 2751 ἔσται
586 2689 637 2750 καλ
662 2691 781 2775 Φρυγίη
804 2680 899 2763 δεινὸς
918 2684 1002 2768 χόλος
1019 2691 1116 2752 εἵνεκα
1139 2689 1294 2772 λύσσης,

487 2777 523 2870 ἧς
545 2785 631 2871 χάριν
651 2782 757 2870 battis
777 2777 853 2868 ἦλθε
866 2783 947 2870 Ῥέη,
970 2782 1060 2852 κᾶκεῖ
1078 2792 1304 2873 προμίμηνε.

279 2893 379 2952 Versu
399 2893 496 2972 primo
510 2888 695 2971 μηχανάαται
711 2895 885 2972 scripsimus
903 2916 958 2974 pro
973 2897 1153 2972 μηχανᾶται;
1176 2898 1313 2957 secundo
1329 2894 1394 2955 Gaii

281 2993 406 3054 Canteri
435 2995 679 3056 emendationem
706 2996 877 3071 recepimus
899 3016 954 3074 pro
977 2997 1120 3075 vulgata:
1150 2990 1258 3069 πάντες
1285 2991 1394 3072 (πάντας

280 3094 328 3153 ed.
358 3097 469 3176 princ.)
498 3086 543 3156 ἐπ’
569 3082 642 3154 adri
674 3091 776 3170 μίτονς
803 3086 914 3171 ἕπιβύς.
957 3099 1064 3156 Tertio
1092 3100 1194 3159 malim
1220 3091 1353 3160 κλύσαι
1375 3118 1392 3153 s.

279 3188 444 3256 κλύσσαι.
491 3196 606 3273 Quinto
640 3205 671 3255 et
703 3203 791 3254 sexto
824 3196 934 3274 scripsi
968 3190 1078 3275 λύσσης
1105 3211 1135 3259 et
1164 3201 1331 3282 προμέμηνε
1350 3217 1407 3278 pror

278 3287 373 3370 λύπης
395 3304 426 3352 et
446 3293 625 3375 προσέμεινε.
669 3296 801 3354 Versum
825 3305 967 3377 quartum
986 3299 1028 3355 ita
1050 3301 1187 3380 explicat
1209 3289 1406 3383 Opsopaeust'

279 3402 363 3468 „tota
391 3395 490 3473 Lycia
514 3403 614 3454 terrae
641 3404 725 3454 motu
754 3406 784 3456 et
813 3398 927 3457 diluvio
954 3399 1139 3475 vastabitur,
1174 3413 1237 3463 tam
1265 3426 1304 3464 ea
1329 3418 1389 3484 quae

277 3495 401 3555 floribus
421 3506 452 3556 et
470 3497 634 3574 unguentis
658 3497 793 3557 odoratis
816 3497 968 3571 abundat,
989 3519 1081 3579 quam
1107 3522 1185 3581 quae
1206 3506 1291 3565 hisce
1314 3510 1389 3563 caret

277 3597 356 3657 Nam
382 3620 421 3658 ex
440 3600 557 3678 Lyciae
578 3608 681 3677 parte,
707 3600 887 3678 praesertim
909 3609 1053 3658 montana
1076 3601 1114 3660 ob
1135 3606 1264 3665 narcissi
1283 3617 1313 3666 et
1327 3600 1389 3663 croci

278 3700 495 3759 excellentiam
528 3710 684 3778 unguenta
714 3699 969 3779 exportabantur,
1007 3700 1045 3759 de
1076 3724 1136 3782 quo
1164 3705 1256 3764 ctiam
1287 3705 1388 3784 supra.“

276 3801 382 3859 Innuit
402 3800 599 3881 Opsopaeus,
618 3803 650 3860 ni
672 3802 763 3860 fallor
785 3801 837 3859 lib.
857 3801 887 3858 4.
907 3824 936 3860 v.
963 3801 1032 3860 109.
1058 3824 1142 3883 sqq.:

407 3886 431 3961 oi
451 3903 596 3979 Λυκίης
618 3894 698 3981 μύρα
720 3892 815 3978 καλοί,
843 3899 876 3963 σὲ
897 3892 926 3961 d’
950 3888 995 3961 αύ
1015 3922 1102 3962 ποτε
1124 3903 1310 3983 βρασσομίνη
1325 3892 1389 3982 χθύν

404 4003 552 4082 πρηνίξει,
572 3997 688 4081 πρηνὴς
710 4000 742 4061 δὲ
759 3994 859 4086 κλύνρι
880 3994 1019 4063 πίπτουσ’
1042 4001 1090 4062 ἐπὶ
1111 4009 1202 4082 γαῖαν

405 4102 446 4175 είς
465 4102 565 4184 ἑτέραν
583 4097 653 4187 εύξη
673 4107 839 4184 προφυγεῖν
856 4099 969 4183 χθόνα,
991 4098 1040 4165 οἷα
1062 4104 1203 4182 μέτοικος,

276 4205 329 4264 ubi
351 4204 467 4281 Λυκίης
488 4227 543 4285 pro
566 4199 678 4284 Λιβύες
702 4227 742 4265 ex
772 4205 877 4265 codice
899 4209 1008 4286 scripsi
1029 4218 1059 4267 et
1081 4193 1120 4267 αύ
1139 4228 1209 4266 ποτε
1229 4230 1284 4289 pro
1304 4201 1386 4267 οὔποτε

272 4317 316 4365 'ex
343 4306 529 4382 conjectura.
574 4304 677 4387 Atque
700 4307 733 4365 hi
755 4327 829 4366 sane
852 4329 960 4367 versus
984 4300 1097 4388 ύμυρος
1119 4319 1149 4368 et
1168 4309 1328 4386 μυρίπνους
1345 4304 1383 4362 te-

276 4404 402 4463 fendere
423 4406 524 4465 videri
544 4408 670 4484 possuit.
715 4408 864 4469 Praefero
887 4421 1005 4483 tamen,
1029 4410 1111 4491 quod
1130 4411 1203 4468 mihi
1225 4412 1256 4467 in
1277 4418 1382 4466 mentem

276 4500 376 4565 venit,
399 4493 547 4576 ἄπυρον
568 4513 599 4559 et
621 4507 846 4580 πυρίπνουν.
890 4511 983 4586 Ignes
1007 4513 1087 4569 enim
1110 4512 1320 4569 subterraneos
1335 4508 1380 4580 Ly·
