2884 5184
415 495 836 548 nrun'cnernnrrun.
1136 488 1196 551 127

45 677 116 748 pto,
137 678 265 760 credo„
281 681 467 751 emu'orooerot
487 679 670 751 (migraverat
691 697 716 734 ο.
738 675 790 754 R.)
811 679 896 734 Arios
917 680 1015 734 daem
1034 680 1197 734 amoenitate

49 783 160 851 (amora.
182 780 238 833 As.
266 782 343 835 duat.
362 796 388 834 ο.
413 775 482 854 R),
508 783 655 852 quaerenti
679 782 803 847 cuidam,
829 783 891 852 quis
913 787 985 836 esset
1001 783 1086 849 (esset
1107 778 1195 839 deest

47 878 73 934 in
93 897 128 935 c.·
141 876 197 955 R.)
229 888 288 936 aut
311 882 362 952 qut
384 887 455 935 esset
479 885 587 938 omnino
609 883 689 949 deas,
718 883 862 956 respondit
879 885 973 955 ω’ρὶοω·
992 888 1018 937 et
1035 900 1090 938 ano
1112 886 1196 939 versi·

47 981 102 1048 tur,
123 999 255 1052 quorum
279 983 332 1038 hoe
348 984 520 1054 principium
540 991 596 1040 ert.-

210 1069 390 1158 αὐτοφυὴς,
413 1071 587 1156 ἀδίδακτος,
609 1070 747 1161 ἆμήτωρ,
769 1070 994 1157 ἇοτνφέλικτος,

213 1174 336 1257 οὕνομα
358 1179 433 1261 μηδὲ
452 1175 531 1264 λόγῳ
554 1175 755 1263 χωρούμενον,
777 1181 809 1244 ἐν
830 1181 902 1264 πυρὶ
926 1185 1034 1259 ναίων,

210 1281 301 1344 τουτὶ
320 1275 405 1356 θεὸς,
425 1276 518 1364 μικρὰ
540 1282 573 1344 δὲ
594 1287 669 1344 θεοῦ
689 1283 772 1364 μερὶς
792 1278 911 1365 ἄγγελοι
932 1277 1027 1364 ἡμεῖς.

47 1384 173 1444 Veteres
205 1386 366 1446 editiones
395 1390 426 1446 in
455 1389 502 1446 his
530 1386 659 1447 Graecis
686 1388 812 1447 vocibus
843 1388 886 1446 nil
918 1389 977 1445 nisi
1007 1408 1090 1447 mera
1119 1390 1194 1447 vitia

47 1485 289 1565 orthographica
314 1488 473 1566 praebent.
518 1491 599 1549 Nam
629 1490 721 1550 editio
743 1489 773 1547 A
801 1489 927 1548 exhibet
954 1504 1108 1566 ουτοφνηο
1130 1489 1195 1548 ndr-

48 1583 151 1644 δακτοσ
174 1580 306 1667 ομήτωρ
327 1589 555 1666 αστιμφεδικτοσ
575 1609 705 1670 οννομοσ
719 1591 863 1669 μηόελογο
879 1609 1051 1669 χοροιμενον
1064 1604 1196 1666 εμπηροσ

51 1709 118 1746 stov
149 1710 237 1749 τουτι
273 1695 438 1770 θεοσμικρα
461 1692 493 1752 ds
519 1698 594 1753 θεον
618 1708 703 1772 μορισ
729 1695 847 1772 νγγελοι
873 1708 968 1769 opere.
992 1726 1034 1744 —-
1062 1692 1087 1749 B
1119 1712 1193 1751 vero

51 1776 199 1868 αὖτοωνης
232 1781 398 1863 ἀδίδακτος
425 1786 546 1873 ἀμήτωρ
571 1786 784 1869 ἆστνφὲλικτος
808 1786 922 1871 οὕνομα
948 1790 1022 1871 μηδὲ
1042 1797 1120 1873 λογον
1139 1816 1194 1872 χω-

52 1884 191 1967 ρούμενον
214 1891 251 1953 ἕν
271 1890 344 1970 πυρὶ
366 1893 468 1954 ναίων.
514 1893 603 1954 Τουτὶ
622 1885 693 1967 θεὸς
713 1886 806 1975 μικροὶ
829 1893 862 1955 δὲ
882 1899 957 1957 θεοῦ
974 1894 1055 1977 μερὶς
1077 1889 1195 1975 ἄγγελοι

52 1980 142 2067 ἡμεῖς,
166 2018 255 2076 quae
275 2017 399 2076 prorsus
420 2017 488 2056 oum
505 2000 632 2076 vulgata
646 2000 779 2058 lectione
796 2000 973 2079 conspirant
988 2035 1030 2042 —
1046 1999 1071 2057 O
1087 2020 1191 2058 rursus

55 2098 221 2174 corruptius
246 2100 292 2157 sic
315 2098 416 2156 omnia
437 2100 552 2179 scripta
568 2102 708 2162 exhibet:
732 2094 888 2178 αὖτοφυησ
902 2092 1064 2160 ἆὸιδοικτοσ
1081 2092 1195 2178 dobras

56 2181 272 2272 ἆοιυφέλικτοσ
296 2189 410 2275 ὅννομα
436 2199 512 2278 μηδέ
537 2196 615 2281 λόγω
641 2194 828 2282 χωρούμενον
857 2222 889 2260 εν
913 2195 1083 2276 πιρινοιοῖων
1102 2222 1193 2261 τοντι.

56 2298 121 2354 troo
148 2323 247 2382 μικρα
273 2297 307 2359 δέ
328 2303 403 2360 θεοῦ
429 2323 510 2382 μερις
537 2298 657 2382 ἅγγεδοι
678 2295 771 2380 ἥμεις,
794 2336 836 2344 -
868 2301 1044 2360 Editionem
1065 2303 1094 2359 D
1117 2302 1194 2360 nihil

57 2417 171 2474 prorsus
199 2406 327 2464 variare
350 2407 381 2465 in
403 2408 530 2485 vulgata
551 2407 701 2479 lectione,
732 2424 843 2485 perse
866 2402 1040 2483 exspectari
1061 2410 1192 2480 poterat,

30 2503 32 2588 J
58 2496 134 2560 Nihil
160 2525 239 2564 vero
270 2509 442 2587 corruptius
466 2511 593 2589 cogitari
610 2515 727 2590 potest,
755 2526 846 2588 quam
871 2506 985 2565 codicis
1008 2504 1191 2581 Regiomon-

30 2609 35 2616 ·’
58 2602 115 2658 tani
140 2609 309 2686 scriptura.
354 2610 554 2670 Prosodieum
581 2621 684 2671 tamen
706 2610 814 2670 vitium
835 2609 998 2687 vulgatae,
1031 2627 1091 2686 quo
1114 2600 1194 2664 τουτὶ

59 2700 155 2762 ultima
185 2719 331 2789 correpta
359 2719 518 2768 exaratum
547 2721 606 2783 est,
641 2713 750 2772 eadem
775 2720 879 2784 sanat,
915 2711 1001 2769 τοῦτο
1028 2728 1191 2788 reponens.

26 2805 39 2892 l‘¹
62 2799 116 2862 Sed
142 2829 276 2870 necesse
301 2811 436 2883 videtur,
466 2812 558 2891 paulo
585 2813 706 2891 longius
733 2814 805 2871 huic
833 2814 1002 2890 scripturae
1029 2812 1191 2882 immorari,

29 2907 34 2915 “’
62 2909 196 2981 quoniam
231 2912 340 2971 eadem
371 2913 644 2973 luculentissimum
674 2914 888 2972 documentum
918 2913 1064 2991 praebet,
1101 2932 1193 2992 quam

28 3007 35 3028 ’
63 3023 126 3065 vere
146 3011 179 3068 in
201 3014 382 3090 fragmentis
402 3014 564 3092 Sibyllinis
588 3013 848 3087 contenderimus,
873 3013 1009 3072 codicem
1030 3013 1112 3071 hune
1127 3014 1193 3089 jam

24 3125 31 3131 “
65 3125 97 3162 ex
117 3110 176 3169 alio
202 3113 390 3195 descriptum
414 3137 496 3188 esse,
529 3116 615 3192 cujus
637 3114 780 3173 librarius
801 3116 918 3194 etipse
946 3113 1067 3173 Graeca
1087 3115 1193 3193 legere

65 3226 116 3265 non
141 3217 291 3291 potnerit.
342 3218 394 3277 Sic
424 3238 498 3276 vero
527 3225 629 3275 exstat
658 3216 789 3295 scriptus
820 3217 870 3275 hic
900 3217 987 3276 locus
1021 3216 1053 3274 in
1087 3215 1193 3276 codice

66 3306 213 3388 Regiom.:

25 3399 40 3438 ¹³¹⁹
140 3417 231 3476 Ultro
253 3428 353 3476 natus.
386 3428 559 3497 aytopyrre.
592 3441 610 3478 a
629 3420 714 3479 nullo
741 3421 857 3482 doctus.
892 3412 1096 3501 aayaakatoc.
1127 3420 1193 3477 sine

26 3519 31 3526 ”
66 3523 160 3575 matre.
205 3539 366 3598 annmpac.
409 3529 497 3598 patre
533 3522 689 3580 immitato.
734 3525 954 3599 ypeeaiktocb.
998 3520 1060 3576 illis
1096 3521 1192 3596 cujus

27 3637 28 3640 ’
67 3631 234 3689 oyasoana.
263 3642 374 3680 nomen
394 3622 488 3680 illum.
523 3640 702 3698 nnaeaoyor.
735 3622 871 3681 uerbum.
904 3622 1062 3699 xpmpoine
1084 3639 1194 3697 sapere

67 3725 156 3789 potest
176 3724 317 3782 nocentis
336 3724 437 3801 ignem
461 3724 541 3782 emit.
572 3724 717 3802 pinaiwn.
751 3731 828 3780 tens.
860 3723 918 3780 hoc
939 3721 1024 3779 deus.
1054 3724 1192 3797 toytotc.

27 3801 33 3844 1
68 3819 168 3889 pusilla
198 3832 301 3882 autem
333 3823 500 3902 neikpaae.
536 3823 587 3882 dei
615 3842 688 3901 pars
723 3841 812 3899 ange.
843 3823 982 3901 ffinepic.
1015 3821 1047 3878 li.
1079 3840 1107 3878 a.
1139 3842 1194 3879 nos

27 3910 39 3943 ³²
70 3925 296 4002 anteaoynneic.

28 4011 38 4038 s

143 4024 231 4085 Haec
260 4045 334 4083 sane
358 4025 446 4083 initio
467 4023 630 4103 Oedipode
655 4024 759 4105 aliquo
781 4022 854 4081 mihi
876 4044 951 4101 opus
973 4023 1087 4082 habere
1107 4023 1193 4081 vide-

70 4113 183 4199 bantur,
212 4147 272 4207 quo
292 4126 423 4203 intelligi
444 4134 580 4204 possent.
625 4124 689 4183 Sed
706 4124 831 4183 tandem
848 4122 928 4197 vidi,
956 4126 1127 4201 conjunctis
1146 4125 1194 4196 iis,

31 4563 40 4620 l

73 4236 140 4296 quae
168 4225 384 4304 conjungenda
413 4236 515 4300 erant,
543 4236 636 4306 atque
661 4226 780 4283 Latinis
810 4224 991 4305 quibusdam
1014 4227 1046 4283 in
1073 4223 1195 4284 Graeca

72 4330 194 4404 natatis,
221 4328 379 4406 vulgatam
412 4349 535 4407 prorsus
557 4328 738 4405 scripturam
760 4324 896 4384 codicem
914 4335 1049 4385 nostrum
1070 4346 1194 4404 reprae-

29 4487 35 4516 ᾖ
75 4434 196 4502 serare,
223 4451 278 4488 sno
296 4428 387 4488 modo
409 4431 614 4510 inquinatam,
634 4429 716 4487 hunc
739 4429 770 4486 in
792 4427 928 4485 modum:

223 4547 379 4606 οντοφνμς
400 4528 586 4599 adstruatur
604 4548 708 4608 ομηωρ
729 4529 971 4604 αοτονφεελικνος
