2884 5184
246 397 287 459 62
585 408 783 456 onacuna
805 409 1037 456 srnrnnrus

245 582 429 658 byllinorum
453 582 634 642 collectione
652 554 760 642 bersns
784 580 1005 643 desiderantur.
1050 581 1158 642 Codex
1179 603 1262 641 vero
1282 590 1396 641 noster

245 682 289 739 sic
309 681 403 741 habet
429 681 546 760 (verum
568 683 600 739 in
618 682 716 760 prima
734 681 832 753 linea,
858 682 989 761 quaein
1010 702 1124 741 summo
1142 684 1294 758 margine
1319 694 1397 753 erat,

245 782 363 839 initium
386 790 502 841 tantum
522 782 585 857 legi
612 778 761 860 poterati:
791 780 880 838 oiaee
905 823 912 836 .
936 823 943 836 .
968 824 975 845 ,
1000 825 1007 839 .
1034 825 1041 838 .
1064 781 1398 840 nantecaanoinonai

244 877 1392 958 naontebannkanpouonoicitonaianoccxpouonaiticilroyuteossapaaei

245 977 677 1056 cononacepienaeaknllon,
702 976 784 1057 quod
805 985 852 1036 est

408 1080 436 1120 οι
458 1060 490 1119 δε
510 1063 535 1118 θ
557 1101 684 1120 .....
707 1081 819 1137 μωντες
841 1062 991 1137 αληθινον
1012 1079 1149 1119 αιναονιε

409 1159 487 1234 ζωην
505 1159 712 1237 κληρονομοισι
729 1178 890 1229 τοναιωνος
911 1179 1017 1236 χρονου
1035 1178 1094 1217 αιτι

408 1271 559 1314 σικουνσεο
579 1254 759 1334 παραδεισον
780 1277 858 1332 ομως
880 1260 1020 1335 ερνδηλεα
1042 1276 1147 1334 κηπον.

243 1355 418 1435 Antequam
438 1354 476 1414 de
495 1354 645 1433 scriptura
666 1353 818 1426 dicamur,
842 1353 1007 1413 indicanda
1028 1363 1075 1414 est
1096 1357 1237 1414 varietas
1263 1356 1305 1413 in
1331 1357 1395 1434 jun·

243 1454 351 1532 gendis
370 1454 489 1528 verbis3
517 1463 639 1513 veteres
662 1453 812 1513 editiones
833 1454 913 1512 hanc
935 1455 1222 1534 interpretationem
1251 1454 1396 1514 additam

242 1553 372 1625 habent,
393 1558 441 1627 qai
459 1561 550 1610 ααίαυι
568 1555 655 1611 Deum
678 1556 817 1610 honorant
833 1570 942 1623 veram,
969 1559 1163 1628 sempiternam
1185 1558 1299 1627 atique
1322 1560 1396 1612 vitam

243 1655 428 1711 baeredibrria
447 1656 520 1725 jare
536 1655 680 1726 possident
703 1655 809 1710 saeculi
836 1661 942 1726 tempas
960 1657 1015 1726 ipsi
1031 1655 1185 1710 habitantes
1205 1657 1254 1710 ad
1272 1659 1396 1729 paradi-

243 1770 304 1809 sum
327 1754 450 1806 similiter
467 1753 689 1822 florestarimum
711 1754 838 1816 bortum
861 1752 1032 1828 junxerunt
1055 1752 1159 1831 itaque
1183 1739 1319 1814 αἰέναον
1341 1775 1396 1812 cun

244 1838 336 1923 ζωὴν,
366 1854 396 1905 et
423 1841 461 1923 γε.
482 1850 574 1920 utique
594 1846 810 1924 reddiderunt;
842 1858 1004 1929 praeterea
1026 1839 1104 1928 ζωὴν
1124 1870 1143 1907 ει
1161 1853 1397 1930 κληρονομοῦσι

242 1944 378 2026 pendere
400 1942 572 2002 voluerunt.
606 1944 710 2025 Atque
727 1947 771 2005 sic
788 1967 911 2026 quoque
928 1938 1079 2007 Cellarius
1095 1949 1198 2007 locum
1213 1950 1395 2012 intellexit.

243 2045 354 2125 Neque
388 2044 477 2102 aliter
505 2044 571 2102 eod.
607 2054 711 2104 noster
737 2052 786 2122 qai
810 2056 899 2105 autem
926 2051 1131 2107 honoraverant
1154 2052 1258 2108 Deam
1295 2071 1396 2119 venta,

243 2152 384 2201 aeternam
405 2148 487 2203 vitam
508 2145 700 2201 hereditabant
717 2153 855 2219 perpetua
875 2149 984 2204 saeculo
1005 2151 1061 2222 ipsi
1079 2149 1238 2208 habitantes
1264 2155 1396 2226 parady-

244 2260 305 2300 sum
325 2246 406 2301 σι’νινὶ
422 2247 640 2302 amoenissimam
662 2245 786 2314 bartam,
810 2263 871 2324 qua
892 2244 924 2302 in
937 2244 1191 2323 interpretatione
1210 2243 1248 2306 τὲ
1267 2271 1397 2329 prorsus

200 2350 226 2389 ²¹
246 2341 387 2400 omissum
409 2349 463 2400 est.
501 2341 605 2423 Atque
627 2343 724 2421 possit
747 2341 869 2422 quidem
891 2342 1007 2417 videri,
1030 2340 1063 2422 γὲ
1083 2366 1208 2427 quoque
1223 2348 1398 2407 librarium

244 2439 324 2497 hunc
349 2439 478 2516 legisse,
508 2438 564 2498 sed
589 2460 644 2518 per
674 2449 699 2498 te
729 2441 935 2520 expressisse,
963 2445 1106 2521 quoniam
1128 2446 1266 2522 saepius
1289 2471 1313 2527 γ
1338 2458 1399 2507 etr

245 2556 312 2594 eum
333 2536 505 2595 confudisse
520 2539 586 2614 jam
607 2537 698 2617 supra
721 2539 903 2597 notavimus.
941 2539 1056 2598 Verum
1077 2540 1153 2599 illud
1169 2537 1205 2618 νδ
1219 2546 1397 2605 molestum

245 2643 291 2692 est
319 2643 349 2692 et
379 2653 656 2712 supervacaneum,
686 2625 765 2712 ὁμῶς
793 2657 866 2697 vero
897 2638 1008 2717 optime
1040 2638 1139 2698 codex
1167 2645 1262 2700 σιίιιαῑ
1287 2647 1398 2717 vertit;

243 2741 337 2792 totum
359 2733 459 2792 locum
481 2734 525 2792 sic
546 2734 645 2793 scribo

409 2816 441 2877 οί
458 2813 490 2876 δὲ
510 2805 585 2877 θεὸν
606 2819 742 2893 τιμῶντες
764 2806 915 2894 ἆληθινδν
936 2812 1044 2879 aldruda
1066 2840 1110 2896 σε,

407 2907 485 2994 ζωὴν
506 2918 721 2993 κληρονομοῦσι
742 2905 794 2974 νῦν
815 2915 922 2987 αἰῶνος
941 2908 1049 2995 χρόνον
1067 2907 1152 2977 αὐτοὶ

407 3013 557 3085 οἰκοῦντες
574 3012 754 3095 παραδείσου
775 3006 854 3089 danic
876 3009 1016 3091 ἐριθηλέα
1039 3016 1152 3090 κῆπον,
1262 3068 1269 3079 ,

242 3115 294 3173 ubi
322 3101 407 3171 αῦτοὶ
435 3121 481 3171 est
509 3133 564 3190 pro
588 3107 638 3168 καὶ
660 3100 753 3170 αὐτοί.
799 3108 976 3169 Genitivum
1000 3131 1073 3170 vero
1096 3112 1330 3191 rescripsimus
1349 3123 1395 3195 ju-

241 3213 333 3269 bente
352 3212 419 3288 ipsa
442 3209 562 3286 Sibylla
580 3209 634 3267 lib.
655 3209 682 3266 1.
705 3231 736 3268 v.
760 3207 810 3267 24.
834 3230 901 3289 sqq.

737 3297 790 3366 νῦν
813 3301 850 3384 δὴ
872 3295 964 3365 κέλετ’
989 3303 1021 3365 ἒν
1038 3304 1210 3389 παραδείσῳ

407 3398 558 3488 ἀμβροσίῳ
580 3404 688 3481 ναίειν,
709 3398 748 3477 οῦς
766 3404 798 3465 oi
816 3397 894 3466 καλῦι
916 3403 988 3483 ἔργα
1007 3402 1134 3482 μέμηλε·

407 3493 501 3582 αὐτὰρ
521 3494 537 3562 ὃ
556 3505 664 3581 μοῦνος
684 3493 749 3563 deba,
763 3494 855 3564 αῦσοῦ
876 3499 1009 3583 ἕριθηλέῖ
1029 3495 1115 3586 κῦμσςο
1133 3512 1207 3575 etc,

241 3605 294 3663 ubi
327 3624 382 3685 pro
418 3596 509 3663 αὐτοῦ
535 3613 641 3663 vetera
671 3597 861 3684 exemplaria
888 3603 904 3660 Ι
932 3591 962 3661 et
988 3604 1022 3661 Π
1048 3603 1170 3682 syllaba
1199 3605 1398 3669 abundante

239 3701 420 3781 παραδείσου
436 3703 589 3780 legebant.
619 3704 736 3761 Firmat
750 3711 913 3782 praeterea
927 3702 1106 3780 scripturam
1122 3710 1264 3763 nostram
1284 3706 1397 3769 'Pheo-

240 3801 342 3879 philus
364 3802 404 3861 ad
419 3802 564 3879 Autolyc.
591 3822 661 3880 pag.
688 3800 764 3873 114,
785 3801 831 3873 D,
853 3800 905 3858 ubi
928 3792 1037 3858 oldrado
1056 3820 1086 3859 τε
1106 3809 1170 3859 tum
1190 3803 1398 3885 κληρονομή-

244 3887 330 3958 σουσ’
356 3901 466 3959 omisso
486 3894 553 3969 τόν;
576 3894 708 3980 denique
728 3896 923 3977 παραδείσου,
947 3896 1002 3956 sed
1023 3897 1137 3956 excidit
1158 3889 1249 3975 ὁμῶς.

689 4015 788 4074 Ibid.
813 4012 846 4088 ξ.
869 4011 919 4072 20.

327 4114 426 4183 „Quod
447 4119 528 4171 etiam
548 4114 653 4187 Sibylla
675 4119 704 4170 ιἰι
726 4116 850 4170 carmina
870 4129 920 4170 aaa
942 4115 1034 4182 docet,
1058 4116 1166 4170 dicans.-

405 4204 570 4291 ἄνθρωπον
589 4204 761 4270 πεπλάσθαι
778 4213 853 4270 θεοῦ
872 4207 1024 4287 παλάμαις
1042 4207 1085 4268 ἐνὶ
1103 4198 1209 4280 αῦσαῖς

404 4301 469 4368 darc
490 4301 639 4386 πλῦνησευ
657 4302 726 4385 ῦφις
747 4306 851 4380 δολίως
871 4305 918 4367 ἐπί
940 4311 1049 4386 μοῖραν
1070 4296 1210 4366 σἰνελθεῖν

402 4408 455 4462 τοῦ
469 4400 623 4480 θανάτου,
639 4406 750 4483 γνῶσίν
763 4426 794 4465 τε
808 4408 910 4484 λαβεῖν
925 4399 1046 4484 ἀγαθοῦ
1061 4426 1091 4465 σε
1105 4407 1201 4465 κακοῦ
1216 4409 1286 4463 ra⁴⁶
