2884 5184
352 468 539 530 ouranos
562 469 828 523 surnuasns.
1121 462 1162 529 35

25 663 107 722 posse
126 637 324 719 ἐελδομένους
344 630 413 724 περ
435 633 567 723 ιἰϋτῆς,
589 647 700 727 cuique
715 649 818 709 statim
833 649 977 730 liquebit,
1000 651 1053 731 qui
1067 660 1163 718 totum

25 764 129 803 nexum
152 744 301 803 carminis
330 744 442 804 indea
472 767 502 804 v.
528 744 601 805 522.
624 749 847 828 contemplatus
871 750 972 809 fuerit.
1016 753 1103 827 Fuit,
1130 756 1162 814 ni

25 846 121 917 fallor,
144 831 316 920 ἐελδόμενοι
336 863 405 925 περ
426 835 565 921 ιἰλύξαι
584 848 678 928 plane
696 857 732 907 ut
756 847 790 921 6,
812 846 885 909 538.
904 883 946 893 -
969 851 1019 910 De
1041 873 1071 913 v.
1088 850 1160 919 584.

25 947 59 1006 cs.
78 946 193 1005 Adnot.
222 945 267 1005 ad
287 945 324 1021 6,
347 943 419 1006 225.
442 969 488 1030 sq.
511 982 553 993 -·
581 971 612 1008 v.
633 946 706 1009 588.
734 968 790 1028 pro
812 947 864 1008 aul
882 939 928 1027 ἢν
949 947 1025 1030 μέγα
1045 944 1160 1028 μαλνετ’

25 1038 107 1124 ἀήτης
126 1048 201 1125 lege
225 1042 280 1109 καλ
298 1045 331 1106 εἰ
350 1044 424 1127 μέγα
445 1071 475 1109 κ.
496 1071 521 1109 τ.
544 1053 570 1109 λ.
594 1085 635 1095 -
657 1071 687 1110 v.
711 1049 783 1109 656.
806 1066 862 1128 pro
884 1040 985 1123 ὅπως
1005 1046 1161 1130 φήσασκεν

25 1143 91 1208 triv
108 1149 216 1208 malim
236 1140 256 1210 3
275 1168 331 1219 τις
350 1138 505 1228 priscum
525 1146 607 1212 ldor'v.

25 1270 50 1306 v.
66 1249 136 1309 715.
158 1241 201 1320 rig
223 1237 257 1308 δ’
273 1240 320 1309 ‘dt'
337 1239 398 1309 ἆνδι
415 1241 514 1330 δρυμὰ
529 1241 647 1325 πνιινδ,
669 1247 721 1309 καλ
735 1241 828 1328 dipsas
842 1242 1036 1329 ρωπήενια
1049 1275 1078 1316 κ.
1092 1278 1116 1317 ι.
1132 1260 1158 1320 λ.

26 1342 176 1428 Permissio
202 1369 263 1430 pro
291 1340 432 1429 ριπήενεα
452 1354 598 1431 scriptum
620 1371 638 1410 e
660 1351 829 1410 certissima
850 1350 1065 1416 Rhodomanni
1087 1378 1158 1418 oon·

25 1453 148 1527 iectura,
170 1458 282 1532 'quam
308 1471 387 1510 unus
412 1453 542 1510 fortasse
565 1452 691 1511 Riemer
721 1452 801 1510 inter
829 1453 964 1513 virorum
999 1455 1158 1520 doctorum

25 1555 132 1612 somnia
152 1553 308 1613 retulerit.
354 1550 430 1607 Cum
455 1546 513 1627 ρλψ
535 1560 566 1610 et
583 1541 654 1630 ρδψ
675 1550 814 1629 ejusdem
842 1553 903 1613 sint
920 1555 1039 1635 stirpis,
1066 1561 1158 1620 etiam

27 1644 129 1731 δινήεις
148 1653 232 1714 bene
254 1652 368 1711 dictum
385 1648 485 1709 videri
506 1659 618 1731 potest,

28 1776 53 1812 v.
74 1752 140 1813 722.
162 1774 221 1830 pro
433 1749 529 1829 δμωαὶ
547 1749 581 1811 δέ
599 1776 652 1831 μιν
673 1743 767 1829 ἄμφ’
789 1742 984 1833 ἆγᾶσαντο

27 1851 207 1912 scribendum
220 1873 291 1913 esse
299 1853 425 1931 junctis,
444 1874 524 1935 quae
535 1855 616 1915 male
630 1855 751 1914 divulsa
766 1865 845 1929 sunt,
863 1845 1155 1940 ἆμφαγοὶσαντο,

28 1975 104 2013 nemo
121 1954 266 2031 negabit,
290 1955 344 2036 qui
365 1952 474 2032 Quinti
495 1958 650 2018 scribendi
670 1961 821 2021 rationem
837 1963 1032 2043 perspexerit
1055 1972 1085 2022 et
1106 1984 1153 2024 re·

29 2056 156 2117 cordatus
183 2057 296 2131 fuerit,
318 2064 508 2138 quantopere
530 2058 585 2118 illc
606 2061 654 2120 bis
675 2063 850 2142 compositis
871 2063 1014 2141 gaudeat.

493 2227 566 2286 Lm.
588 2228 677 2287 VIII.

30 2375 55 2412 v.
74 2354 102 2415 8.
142 2363 236 2438 τεῖχος
259 2354 313 2437 μὲν
333 2349 459 2436 χαμάδις
479 2355 611 2438 βαλέειν,
633 2350 709 2436 νῆάς
729 2348 756 2418 τ’
778 2349 993 2436 ἆμαδύνειν

144 2457 177 2519 ἐν
196 2457 273 2542 πυρλ
294 2455 456 2543 λευγαλέῳ,
479 2450 570 2532 λαοὺς
591 2450 622 2518 δ’
644 2450 704 2519 ὑπὸ
727 2457 807 2540 χερσὶ
828 2459 935 2534 δαΐξαι.

33 2555 213 2624 Concinnitas
237 2562 396 2644 postulare
417 2561 552 2635 videtur,
577 2571 611 2621 ut
631 2562 752 2640 legatur
773 2548 980 2639 ἆμαδῦναι.

34 2678 59 2714 v.
75 2660 121 2720 73.
149 2653 355 2747 ιἰνδροὶσιν,
383 2650 459 2721 οἵτ’
484 2658 668 2743 ἕρίδνμον
687 2653 762 2742 ὑπὲρ
787 2660 880 2741 Θέμιν
902 2660 974 2743 ἔργα
993 2653 1154 2742 adpotum.

33 2757 106 2837 Lege
123 2761 311 2845 ἒρλθυμοι.
342 2764 508 2823 Hominum
524 2765 603 2823 enim
618 2765 677 2823 boc
693 2766 850 2844 epitheton
866 2785 949 2837 esse,
970 2765 1026 2824 sed
1042 2765 1154 2827 dubiae

35 2859 250 2937 significationis
274 2868 340 2944 jam
368 2885 407 2925 ex
430 2862 525 2944 Orph.
549 2865 658 2943 fragm.
686 2864 737 2923 31.
765 2886 796 2944 p.
819 2862 892 2924 490.
921 2867 1027 2926 Herm.
1050 2868 1154 2927 docuit

35 2957 186 3028 Schneider
211 2971 246 3028 in
269 2968 396 3027 Lexico.
442 2964 674 3043 Significatione
698 2966 778 3025 haec
805 2986 868 3024 vox
889 2974 921 3026 et
941 2968 973 3025 in
994 2967 1105 3026 bonam
1125 2977 1156 3027 et

36 3060 61 3118 in
78 3066 181 3127 malam
201 3079 323 3150 partem
344 3075 472 3147 accepta
494 3066 637 3126 convenit
654 3066 720 3126 fere
741 3087 809 3127 cum
830 3058 1013 3146 ὑπέρθυμος.
1048 3066 1154 3125 Pauca

37 3166 169 3239 quaedam
206 3193 248 3232 ex
284 3168 399 3246 Quinto
437 3166 608 3246 Smyrnaeo
650 3168 794 3247 exempla
836 3168 921 3228 dedit
956 3167 1153 3228 Schmidtius.
1272 3229 1281 3240 ,

36 3259 113 3324 Adde
132 3270 166 3344 1,
186 3271 259 3332 756.
282 3267 317 3344 2,
339 3266 412 3329 468.
435 3265 470 3341 8,
494 3265 565 3328 233.
591 3267 645 3341 11,
667 3266 740 3327 448.
766 3266 820 3344 12,
843 3268 905 3331 318
927 3278 985 3330 etc.

37 3380 61 3419 v·
80 3362 125 3426 89.
333 3368 366 3429 οἱ
381 3361 412 3428 δ’
434 3358 627 3446 ὑπόεικον,
650 3362 776 3444 ἐοικότες
795 3361 948 3432 αὐαλέοισι

183 3464 323 3549 θάμνοις.

38 3558 210 3633 Vocabulum
237 3562 379 3633 ὑπόεικον
405 3591 513 3630 sanum
537 3592 622 3644 esse,
659 3575 714 3631 vix
743 3573 875 3633 credam.
920 3572 999 3632 Nam
1025 3573 1155 3652 Trojani

39 3678 89 3723 non
105 3677 259 3734 recedentes
280 3683 493 3755 comparantur
512 3694 580 3732 cum
597 3674 738 3750 virgultis
758 3673 869 3745 aridis,
894 3691 974 3752 quac
991 3674 1063 3749 igne
1082 3693 1153 3731 con-

40 3779 191 3851 sumuntur,
213 3774 269 3835 sed
283 3776 316 3834 in
329 3784 443 3834 terram
463 3776 594 3833 cadentes
614 3764 865 3851 (κατερειπόμενοι
886 3792 911 3830 s.
927 3764 1154 3851 κατεριπόνιες).

41 3857 172 3942 Legersm
197 3867 418 3956 δπέρειπον,
447 3875 474 3933 si
501 3872 647 3950 Quintum
675 3873 785 3932 scirem
811 3872 854 3931 ita
881 3874 941 3933 hac
967 3892 1045 3933 voce
1066 3891 1155 3931 usum

41 3978 106 4025 0⁸⁸0·
140 3969 205 4035 Alii
225 3974 349 4058 ἔρελπειν
373 3986 405 4037 et
424 3959 536 4056 ἕριπεῖν
553 3973 662 4034 eodem
683 3977 775 4034 sensu
798 3972 956 4046 dixerunt,
978 3982 1013 4033 ut
1030 3971 1154 4031 Oracul.

42 4055 136 4143 Sibyll.
155 4075 193 4150 4,
214 4099 244 4138 v.
269 4076 339 4136 105.

152 4168 313 4259 Καρχηδδον
334 4173 386 4237 καὶ
404 4177 466 4235 σεῖο
486 4171 577 4252 χαμαὶ
597 4175 657 4245 πᾶς
673 4167 786 4255 πύργος
808 4171 971 4253 ipsimae,

44 4268 70 4314 ll
86 4285 135 4343 pro
155 4271 254 4355 ἐρελσει
274 4277 440 4357 legendum
463 4285 520 4335 est.

46 4375 70 4413 V·
88 4364 133 4426 94·
502 4372 534 4435 ἕν
554 4367 581 4433 δ’
606 4362 844 4435 ιἰνέθλασσεν

153 4463 235 4537 δοτέα
252 4468 310 4537 σὺν
327 4471 450 4557 πήληκι.
