2884 5184
273 406 315 471 82
615 422 808 472 oanouer
830 424 1066 477 sacramur

273 602 357 662 bat“
401 598 465 660 Sed
487 616 550 659 non
569 599 668 659 solum
686 600 832 660 articulus
849 600 1005 674 sublatus,
1031 620 1139 662 verum
1159 603 1254 662 etiam
1271 602 1386 662 futurum

273 692 463 781 σχισθήσεται
481 718 606 782 prorsus
625 709 754 761 metrum
775 702 910 762 invertit.
955 701 1018 761 Cur
1041 699 1224 782 Opsopaeus
1244 704 1387 763 articulum

272 802 425 877 omiserit,
441 804 566 874 nescio,
586 802 769 882 praesertim
784 822 852 862 cum
866 804 946 862 hanc
960 798 1096 863 additam
1113 811 1217 863 notam
1231 803 1386 864 inveniam:

272 906 398 980 „adiice
413 902 574 964 articulum
591 892 642 977 τὸ,
666 911 701 961 ut
721 904 755 961 in
772 901 864 962 tertio
884 902 955 963 loco
977 904 1018 963 sit
1037 904 1344 983 proceleusmaticum
1365 906 1388 963 iu

270 1007 405 1084 vulgatis
433 1005 588 1069 Lactantii
616 1002 703 1062 libris
734 1011 781 1062 est
807 1004 883 1063 ναοῦ
910 998 943 1062 dl
969 996 1160 1081 excripserat
1189 1001 1336 1081 τέτασμαε
1365 1007 1388 1063 iu

271 1108 386 1186 scripto
416 1113 479 1185 opt.
507 1091 600 1163 notae
628 1104 704 1162 ναοῦ
726 1099 759 1163 tt
779 1105 890 1185 σχισθῇ
909 1090 942 1162 τὸ
963 1099 1128 1180 cherpen
1172 1103 1251 1164 Cum
1273 1106 1388 1166 Puteani

272 1205 379 1266 codiee
406 1213 511 1265 nocer
538 1224 661 1285 quoqne
686 1205 738 1263 hic
766 1204 925 1279 convenit3
961 1200 1018 1262 sed
1047 1202 1137 1263 aliter
1167 1203 1387 1283 distinguendae

270 1314 341 1366 sunt
360 1324 471 1378 vocas,
492 1323 584 1385 quam
601 1304 640 1364 ab
659 1302 825 1384 Opsopaeo
843 1303 959 1363 factum
976 1301 1132 1364 videmust
1154 1309 1385 1384 nayaexiconto·

269 1405 416 1466 llstacna
451 1413 511 1465 etc.
564 1404 645 1464 Nam
679 1405 801 1484 reliqua
835 1403 1012 1464 adscribere
1048 1424 1315 1484 supervacaneum
1346 1415 1386 1478 est

271 1507 386 1587 quippe
410 1507 443 1566 in
470 1503 581 1586 quibus
609 1502 708 1564 codex
737 1524 861 1585 prorsus
887 1525 955 1564 cum
975 1505 1102 1583 vulgata
1123 1507 1283 1567 Lactantii
1306 1517 1335 1568 et
1352 1506 1386 1569 Si·

227 1622 253 1663 ιι
271 1607 458 1687 byllinorum
481 1605 633 1685 scriptura
654 1606 819 1686 conspiret.
861 1605 945 1665 lllud
967 1626 1041 1666 vero
1063 1605 1192 1667 Graecia
1212 1608 1327 1668 litteris
1347 1627 1385 1667 er·

270 1728 410 1788 pressum
430 1707 516 1766 valet
536 1727 594 1765 ναν
613 1704 738 1782 oquae
754 1726 788 1765 το
802 1719 949 1784 πετασιια,
970 1706 1054 1788 quod
1067 1707 1266 1767 scribendum
1283 1708 1386 1769 videtur

270 1808 348 1866 ναοῦ
370 1796 400 1865 d’
422 1794 756 1883 exacerbatorum
798 1805 879 1865 Nam
901 1808 1126 1868 coniunctivum
1146 1812 1261 1891 σχισθῇ
1279 1831 1333 1890 pro
1352 1809 1385 1868 ic·

270 1916 338 1968 turo
360 1896 549 1983 σχισθὴσοται
567 1906 700 1985 positum
720 1905 795 1965 solis
816 1909 1020 1984 grammaticis
1043 1907 1208 1967 serioribus
1224 1911 1385 1991 relinquen·

270 2009 351 2073 aum.
377 2006 458 2066 conf.
480 2008 596 2064 ενοι.
624 2009 659 2064 ιε
677 2010 781 2080 prena
809 2013 919 2067 ατη-ιιι.
938 2012 1113 2084 paneam
1133 2012 1385 2085 ααιψροιιιοιιι.

268 2129 340 2189 pag.
362 2106 410 2179 6.,
432 2105 485 2165 ubi
506 2124 588 2187 quas
608 2106 665 2165 Vir
684 2103 908 2167 eruditissimus
928 2108 1079 2189 nobisque
1100 2111 1306 2171 amicissimus
1327 2111 1384 2170 seri·

268 2210 331 2290 psit
351 2208 425 2268 setis
443 2206 563 2279 valent,
585 2214 620 2266 ut
638 2206 809 2266 Hermanni
832 2208 1008 2268 coniectura
1030 2209 1175 2290 Sophocl.
1198 2211 1293 2270 Aiac.
1312 2210 1385 2270 10⁰6.

267 2330 339 2390 pag.
356 2305 426 2367 122.
447 2326 467 2366 a
480 2306 577 2367 Suida
597 2307 714 2366 nullam
732 2308 944 2368 auctoritatem
957 2310 1016 2369 sibi
1029 2319 1137 2391 petere
1151 2313 1261 2392 possit.
1297 2311 1386 2370 Simile

269 2410 443 2490 exemplum
464 2408 607 2468 infinitivi
628 2407 723 2467 futuri
744 2426 763 2464 a
783 2410 989 2484 grammaticis
1009 2413 1124 2472 aoristo
1144 2412 1296 2491 explicati
1310 2413 1387 2472 habet

270 2507 440 2572 Scholiast.
462 2507 555 2587 Soph.
579 2507 667 2566 Aiac.
689 2504 763 2565 425.
784 2507 851 2566 Erf.
872 2507 1033 2586 ξυνοίσειν,
1055 2511 1236 2591 §manupae
1257 2509 1310 2572 καλ
1329 2527 1385 2570 σνν-

268 2608 435 2684 ενεχθῆναι.
457 2606 560 2666 Schol.
583 2605 712 2665 Luciam.
734 2605 806 2665 Jov.
831 2607 944 2666 confut.
967 2630 993 2667 c.
1015 2610 1045 2669 4.
1069 2613 1107 2670 Τ.
1129 2609 1158 2670 2.
1177 2634 1208 2692 p.
1226 2611 1280 2672 98.
1299 2612 1385 2672 Schm.

268 2699 430 2785 καθήσειν,
451 2696 604 2785 κρεμάσαι.
627 2705 731 2765 Schol.
753 2706 829 2765 Luc.
853 2704 935 2766 Gall.
960 2728 985 2767 c.
1002 2705 1031 2769 2.
1054 2706 1266 2790 ἐχεμυθήσειν,
1289 2703 1385 2788 ceant}

267 2821 346 2883 σειν,
368 2799 499 2883 φυλάξαι
520 2792 552 2864 τὸ
574 2797 747 2885 μυστήριον.

687 2971 811 3030 nera.
838 2969 870 3047 s.
895 2971 945 3032 ιο.

352 3112 409 3180 „Er
435 3113 496 3167 ι’σεο
523 3109 627 3182 Sibylla
654 3113 845 3181 imperitarum
869 3123 929 3164 este
956 3112 1039 3165 morti
1066 3114 1209 3167 λειιιιιιιιιιιι
1239 3114 1313 3170 dixit
1333 3119 1384 3185 post

264 3209 349 3263 tridui
366 3224 503 3265 somnum:

391 3300 442 3362 acl
460 3294 597 3361 θανάτου
618 3306 727 3381 μοῖραν
748 3302 854 3365 τελέσει
873 3300 972 3385 τρίτον
991 3288 1073 3384 ἦμαρ
1095 3299 1237 3381 ῦττνῦσας

390 3397 442 3461 καλ
461 3390 523 3462 τότ’
547 3390 607 3460 leb
628 3401 787 3480 φθιμένων
809 3394 964 3476 ἀναδείξας
985 3403 1026 3476 εἰς
1046 3398 1123 3481 φάος
1143 3399 1204 3484 ἥξει

388 3504 503 3580 πρῶτος
524 3491 710 3574 ἀναστάσεως
732 3507 849 3582 κλητοῖς
870 3494 966 3584 ἀρχὴν
984 3495 1172 3583 ῦιιοδείξαῴί,

262 3603 315 3663 ubi
343 3603 472 3684 primum
498 3621 621 3662 versum
644 3605 754 3663 omittit
771 3604 810 3664 A.
827 3597 966 3674 ιθῦνατος
986 3604 1101 3665 habent
1123 3607 1166 3679 B,
1190 3605 1227 3665 Ο.
1250 3598 1381 3675 leaenae

260 3706 293 3762 in
314 3723 406 3762 versu
427 3702 562 3762 secundo
582 3703 621 3762 A.
656 3702 768 3763 Cetera
790 3713 891 3764 errata
911 3705 1026 3763 omitto.
1061 3707 1178 3765 Extant
1199 3708 1233 3766 in
1249 3707 1379 3787 Sibyllin.

260 3801 290 3861 8.
319 3823 350 3860 v.
379 3800 450 3860 312.
477 3823 545 3882 sqq.
596 3801 659 3862 Sed
691 3806 805 3883 primus
835 3825 942 3865 versus
972 3824 991 3863 a
1020 3806 1141 3884 scriptis
1170 3804 1379 3886 Sibyllinorum

257 3902 344 3961 libris
368 3900 490 3974 aberat,
525 3921 542 3961 e
567 3901 730 3962 Lactantio
760 3925 779 3963 a
806 3906 949 3983 Betulejo
978 3904 1147 3984 suppletus.
1191 3905 1230 3964 In
1256 3904 1378 3966 secundo

257 4021 350 4060 versu
372 4021 476 4061 omnes
497 4000 619 4078 legunt:
642 3993 863 4081 decomptores
884 3993 1051 4075 ἆναλῦσας;
1070 4003 1111 4063 sd
1133 4025 1224 4084 quem
1242 4028 1271 4065 v.
1292 4005 1377 4085 Opso·
1405 4068 1406 4097 1

256 4120 354 4179 paens
374 4102 485 4174 refert,
507 4101 662 4161 Lactantii
683 4103 779 4162 libros
802 4103 900 4163 editos
920 4104 1037 4163 habere
1060 4093 1223 4181 αἰναιιῦψας
1242 4108 1295 4166 vel
1316 4096 1375 4163 ἆνα·

256 4197 367 4274 (λείξας,
393 4199 449 4260 aed
467 4202 703 4281 manuscriptum
725 4203 844 4276 itidem,
867 4214 901 4263 ut
923 4203 1075 4283 Sibyllam
1097 4196 1259 4277 ἀναλύσας.
1301 4195 1376 4263 Ἀνα-

255 4291 357 4371 κύψας
378 4299 452 4385 mihi
469 4301 502 4357 in
518 4300 672 4359 Lactantii
690 4301 776 4362 libris
798 4324 860 4361 non
880 4323 914 4362 so
934 4303 1057 4376 obtulit,
1080 4304 1136 4364 aed
1151 4293 1304 4375 ἇναλῦσας
1316 4322 1374 4363 con-

253 4391 389 4451 firmatur
415 4416 538 4474 quoque
570 4417 589 4456 a
608 4408 712 4457 nostro
735 4401 841 4462 codice
860 4405 1011 4478 anniceto,
1038 4404 1091 4463 ubi
1112 4423 1136 4461 ιι
1157 4413 1204 4464 est
1223 4424 1279 4483 pro
1300 4406 1336 4462 αλ
1351 4407 1375 4459 et
