2884 5184
248 453 337 501 XXVI
563 453 646 499 vm
668 452 746 501 CAR.
770 454 899 502 LUDOV.
924 453 1067 499 STRUVE.

251 623 292 687 de
314 623 435 687 nostris
465 623 584 687 studiis
611 644 686 687 cum
713 621 877 687 Kochlero
908 632 941 687 et
970 623 1102 687 Gracfio
1130 624 1399 688 communicatos

251 726 432 812 perexigua
451 732 578 788 tantum
599 725 755 809 temporis
778 746 855 812 pars
876 725 970 790 libris
992 724 1142 810 legendis
1164 724 1312 811 impendi
1335 747 1398 811 po·

250 828 333 909 tuit,
356 835 454 912 atque
474 823 528 891 vel
550 833 620 888 tum
646 827 776 889 animus
797 835 1055 913 praeoccupatus
1078 848 1206 912 semper
1231 824 1297 889 alio
1324 826 1399 890 dis·

251 927 459 1011 trahebatur,
480 928 528 991 ita
548 935 586 990 ut
613 925 653 990 de
677 925 843 991 Theodori
870 934 973 991 metro
1001 948 1066 990 non
1096 927 1254 991 sollicitus
1281 950 1404 1014 pauca

251 1039 378 1095 tantum
398 1031 433 1094 in
457 1027 594 1093 schedas
619 1027 796 1092 subitarias
819 1028 993 1109 referrem,
1011 1031 1155 1092 maxime
1170 1027 1213 1092 ad
1227 1050 1403 1113 gramma-

250 1131 350 1195 ticam
371 1129 506 1216 linguae
529 1130 747 1216 spectantia.“

335 1234 382 1297 At
403 1255 482 1298 vero
505 1253 631 1297 summa
657 1251 767 1295 rerum
789 1230 934 1294 omnium
958 1232 1095 1313 caritas,
1126 1252 1192 1317 qua
1215 1229 1282 1295 illis
1309 1240 1403 1294 tem·

251 1335 386 1422 poribus
407 1333 591 1399 laboratum
606 1340 671 1412 est,
694 1340 728 1395 et
748 1339 865 1396 auctus
879 1353 1037 1396 annorum
1054 1331 1193 1396 decursu
1209 1331 1403 1396 liberorum

251 1458 425 1518 numerus,
449 1435 490 1499 de
512 1435 601 1500 vitae
622 1431 780 1499 subsidiis
796 1432 964 1498 Struvium
984 1433 1160 1499 sollicitum
1175 1432 1402 1497 reddidenmt

251 1558 391 1623 eumque
420 1545 669 1623 permoverunt,
698 1542 735 1598 ut
764 1531 855 1596 aliud
877 1555 1013 1616 munus,
1042 1533 1102 1598 nbi
1122 1532 1253 1598 facilius
1273 1534 1400 1597 viven-

251 1637 329 1702 dum
350 1638 414 1703 sibi
434 1646 536 1719 esset,
558 1637 706 1701 ambiret.
736 1632 860 1698 Verum
882 1634 1006 1698 frustra
1026 1636 1061 1698 in
1083 1635 1197 1700 eadem
1216 1644 1306 1699 terra
1327 1635 1400 1698 lae-

249 1741 367 1803 tiorem
392 1739 537 1801 muneris
565 1736 785 1801 conditionem
805 1737 979 1821 quaesivit.
1024 1737 1157 1823 Dignus
1185 1736 1318 1822 quidem
1342 1745 1400 1802 est

252 1838 384 1903 habitus
408 1859 428 1901 a
446 1836 583 1903 consilio
605 1835 1079 1925 universitatisDcrpatensis,
1101 1840 1155 1904 cui
1175 1860 1291 1902 munus
1317 1861 1398 1925 pro-

251 1939 387 2003 fessoris
411 1938 620 2005 historiarum
643 1936 827 2018 traderent3
853 1938 912 2001 sed
932 1940 1192 2026 praepositorum
1211 1938 1399 2003 adsensum

251 2063 318 2105 non
338 2038 424 2104 tulit.
468 2041 576 2124 Idem,
609 2062 650 2104 ne
682 2038 763 2126 quid
793 2039 989 2103 intentatum
1020 2038 1236 2125 relinqueret,
1268 2061 1398 2103 munus

252 2141 411 2212 antistitis
434 2163 543 2206 rerum
565 2163 732 2207 sacrarum
757 2149 869 2227 petere
891 2163 957 2206 non
984 2150 1034 2205 est
1058 2150 1226 2226 gravatus.
1270 2141 1398 2206 Totam

251 2245 355 2328 igitur
378 2265 510 2330 operam
529 2243 564 2307 in
592 2241 769 2307 ediscenda
794 2240 909 2327 lingua
936 2241 1116 2307 Esthonioa
1143 2242 1334 2323 collocavit,
1360 2253 1400 2307 et

251 2365 369 2410 revera
391 2342 517 2430 aliquot
535 2342 775 2408 hebdomadum
795 2346 902 2430 spatio
918 2353 1044 2408 tantam
1063 2343 1162 2428 hujus
1182 2343 1316 2429 linguae
1333 2368 1398 2409 no·

252 2447 360 2510 titiam
383 2454 500 2509 nactus
521 2451 590 2526 cst,
615 2445 705 2507 utin
727 2443 867 2508 ecclesia
889 2445 1112 2530 Niggeniana,
1138 2466 1221 2530 quac
1243 2444 1399 2509 sedecim

250 2545 406 2611 milliaria
428 2545 568 2610 Rossica
595 2566 616 2606 a
635 2544 783 2631 Dorpato
805 2544 916 2628 abest,
941 2546 1027 2609 bono
1054 2565 1129 2609 eum
1151 2566 1306 2610 successu
1330 2569 1398 2632 pu-

216 2682 219 2689 =
252 2647 339 2713 blice
361 2648 619 2711 concionaretur.
651 2643 766 2732 Neque
780 2654 891 2711 tamen
910 2647 1051 2732 insignis
1074 2646 1157 2711 haec
1175 2647 1295 2711 virium
1311 2670 1399 2713 con·
1440 2706 1441 2729 ,

188 2777 193 2781 ·
251 2749 354 2813 tentio
380 2746 552 2834 prohibere
579 2747 700 2831 potuit,
729 2749 808 2832 quin
842 2747 925 2812 alter
952 2747 1164 2830 candidatus,
1193 2749 1247 2812 cui
1274 2747 1400 2833 lingua

252 2850 310 2916 illa
328 2848 505 2917 vernacula
526 2857 611 2931 erat,
640 2849 706 2935 ipsi
727 2849 956 2915 anteferretur.
1002 2849 1150 2914 Tandem
1178 2870 1263 2912 anno
1294 2851 1398 2931 1814,

251 2952 439 3018 auctoribus
461 2951 532 3015 VV.
556 2951 633 3015 DD.
658 2949 821 3037 Gaspario
842 2959 875 3014 et
897 2951 1094 3032 Burdacbio,
1113 2950 1315 3037 propositum
1339 2963 1399 3017 est
1439 2944 1441 3025 f

251 3059 282 3120 ei
304 3076 423 3119 munus
446 3053 617 3118 directoris
639 3053 806 3137 gymnasii
826 3051 932 3116 urbici
954 3053 1197 3137 Regimontani,
1219 3052 1275 3136 qui
1295 3050 1396 3141 locus

250 3166 355 3221 morte
386 3154 558 3234 Hamanii,
588 3152 661 3215 Viri
695 3152 837 3234 Eximii,
867 3174 992 3217 vacuus
1027 3163 1108 3217 erat.
1157 3154 1294 3236 Struve,
1326 3157 1396 3220 etsi

252 3279 352 3341 aegre
375 3253 519 3334 ferebat,
540 3252 628 3338 qnod
649 3274 692 3315 ex
713 3253 795 3318 urbe
819 3251 1049 3337 dilectissima,
1080 3277 1123 3319 ex
1147 3264 1241 3340 grato
1268 3258 1395 3321 amico·
1439 3300 1440 3341 ,

251 3381 323 3423 rum
346 3365 378 3420 ct
398 3352 611 3419 familiarium
641 3354 795 3420 convictu
817 3353 1039 3420 decedendum
1063 3356 1127 3422 sibi
1147 3366 1244 3438 esset,
1266 3366 1397 3443 tamen,
1439 3364 1440 3375 ¹

251 3467 353 3545 quum
372 3477 452 3521 cura
474 3477 606 3520 suorum
625 3462 751 3538 cetera,
771 3477 855 3541 quae
884 3458 1005 3544 respici
1037 3466 1202 3544 poterant,
1228 3460 1396 3543 vinceret,

250 3580 368 3622 munus
397 3556 459 3621 hoc
487 3556 699 3622 honorificum
727 3558 871 3643 accepit,
904 3566 937 3621 et
965 3567 1138 3645 postquam
1165 3560 1196 3624 d.
1226 3563 1277 3625 29.
1303 3563 1398 3647 Maji

249 3659 385 3744 collegis
408 3657 645 3747 discipulisque
667 3660 845 3724 carissimis
868 3659 903 3722 in
924 3661 1097 3744 gymnasio
1117 3660 1288 3744 valedixit,
1312 3685 1397 3726 cnm

249 3783 351 3825 uxore
384 3769 417 3826 et
403 3760 562 3827 tliberis
593 3763 777 3850 Dorpatnm
808 3759 952 3846 reliquit.
1000 3759 1131 3839 Quanta
1162 3784 1236 3826 oum
1262 3764 1398 3849 pietate

249 3871 364 3947 postea
386 3885 513 3949 semper
541 3866 767 3930 recordaretur
788 3862 929 3948 Dorpati
956 3870 989 3924 et
1010 3863 1206 3947 amicorum,
1232 3886 1315 3951 quos
1342 3865 1397 3929 ibi

248 3963 427 4049 reliquerat
448 3965 622 4051 plurimos,
645 3967 681 4032 id
703 3967 835 4083 saepius
859 3974 892 4030 et
912 3986 972 4049 per
996 3961 1108 4028 literas
1130 3964 1323 4045 declaravit,
1347 3964 1438 4027 ad

248 4064 581 4131 amicosctctfratrem
603 4068 809 4131 carissimum
831 4066 941 4148 datas,
968 4067 1094 4151 etipse
1115 4065 1245 4151 publice
1267 4065 1396 4129 effatus

249 4165 356 4228 estin
379 4167 584 4249 praefatione
607 4168 794 4255 speciminis
823 4115 960 4232 secundi
983 4167 1220 4247 Quaestionum
1248 4164 1289 4229 de
1319 4164 1396 4228 dia-

247 4263 333 4326 lecto
356 4263 533 4349 Herodoti,
556 4290 655 4354 quam
686 4270 910 4354 scriptionem,
938 4289 1038 4353 quum
1066 4266 1274 4354 gymnasium
1301 4264 1396 4329 Dor-

248 4371 384 4447 patense
414 4365 575 4433 sollennia
602 4370 831 4433 anniversaria
858 4391 887 4434 a.
918 4368 1000 4430 1829
1033 4378 1159 4453 ageret,
1189 4366 1301 4448 „Viris
1332 4387 1396 4430 ex-
