2884 5184
248 464 309 526 246
667 475 955 524 numeneuus.

247 654 373 714 tandum
395 653 646 733 pronunciamus,
674 649 758 731 quod
778 671 926 729 negemus
947 640 987 708 ών
1008 671 1075 710 eum
1096 650 1269 711 indicativo
1300 653 1390 713 futuri

249 758 444 835 conjunctum
462 753 607 833 reperiri,
634 754 794 812 innumera
815 752 896 812 enim
917 753 1008 830 hujus
1031 754 1269 814 censuuetionis
1291 777 1388 815 exem-

247 859 301 938 pla
320 853 429 916 afferre
451 873 626 933 possumus,
655 852 711 913 sed
729 852 811 933 qued
833 853 950 913 abhoc
972 854 1038 913 sive
1059 861 1224 933 poetarum
1246 876 1305 915 usu
1328 858 1388 917 sive

249 958 412 1028 seriorum,
441 956 494 1036 qui
520 955 621 1014 soluta
643 955 781 1013 oratione
808 955 1010 1034 seripserunt,
1038 955 1110 1015 labe
1136 976 1266 1036 prorsus
1288 959 1387 1017 immu-

248 1058 297 1117 nis
320 1065 366 1116 est
388 1054 584 1115 Heliodorus.
606 1089 647 1098 -
668 1076 693 1114 e.
712 1053 761 1113 13.
778 1074 850 1134 pag.
867 1055 918 1115 69.
942 1044 1097 1114 ἆδικεῖν
1116 1077 1152 1115 τε
1174 1047 1295 1117 οὐδέν
1313 1060 1388 1139 qued

250 1157 390 1236 Corayus
411 1158 584 1236 suspicatus
605 1156 698 1216 estin
715 1164 779 1215 net.
793 1156 832 1214 Τ.
848 1154 877 1213 2.
896 1176 968 1237 pag.
986 1156 1037 1216 69.
1052 1159 1126 1217 mihi
1141 1179 1284 1239 queque,
1310 1169 1388 1219 ante·

250 1277 342 1339 quam
362 1259 428 1335 ejus
447 1267 536 1317 notas
554 1258 767 1337 inspexeram,
788 1259 821 1316 in
837 1266 970 1317 mentem
991 1259 1086 1317 venit.
1107 1292 1149 1302 —
1170 1281 1197 1318 c.
1221 1258 1273 1318 20.
1296 1283 1326 1339 p.
1342 1261 1387 1321 78.

251 1352 287 1420 οὗ
308 1347 367 1438 γῖιρ
390 1346 460 1436 ἆνίη
481 1361 533 1436 της
553 1350 672 1436 γνώμης
699 1346 732 1416 τὸ
754 1356 793 1429 είς
819 1347 911 1416 αὐτὸν
931 1353 1080 1433 ὕποπτον,
1110 1350 1150 1430 ώς
1172 1350 1321 1422 ἆνελόντα
1341 1354 1390 1438 τὴν

254 1458 383 1537 Θίσβην,
414 1457 476 1519 καὶ
501 1451 596 1531 ὅπως
623 1448 669 1517 ἂν
697 1458 839 1518 οἴποτε
865 1451 1110 1534 θιαχρήσαιτο
1139 1454 1252 1520 ἐνενόει
1275 1483 1302 1521 κ.
1321 1484 1345 1521 τ.
1366 1467 1387 1524 λ.

250 1561 368 1620 Locum
393 1571 566 1641 corruptum
587 1581 670 1632 esse,
698 1561 795 1619 sensit
821 1578 943 1639 quoque
966 1557 1105 1638 Oetayus
1128 1561 1165 1618 Τ.
1193 1558 1223 1618 2.
1251 1583 1322 1642 pag.
1343 1561 1386 1621 89.

251 1662 399 1720 Dativum
426 1663 506 1721 enim
527 1662 612 1722 nulle
634 1660 723 1720 mode
747 1660 799 1719 hie
823 1661 897 1720 ferri
919 1680 1026 1739 pesse3
1056 1659 1136 1719 adde
1159 1662 1265 1740 ipsum
1285 1685 1385 1741 prene-

251 1783 322 1822 men
348 1755 380 1821 οἷ
396 1784 457 1822 nen
479 1765 591 1841 magis,
621 1763 765 1843 queniam
788 1782 850 1820 nen
870 1760 909 1819 ad
930 1762 1141 1820 Thermuthim
1167 1761 1228 1821 sed
1255 1762 1294 1819 ad
1317 1761 1385 1821 One·

252 1884 371 1922 monem
389 1864 536 1937 refertum
562 1864 601 1922 ef.
623 1864 736 1922 Buttm.
760 1862 814 1923 Gr.
831 1861 884 1922 Gr.
902 1861 932 1938 ξ.
954 1861 1021 1935 114,
1041 1862 1070 1922 3.
1093 1871 1155 1921 not.
1180 1860 1210 1919 1.
1259 1862 1385 1941 Oorayus

253 1964 357 2042 itaque
386 1972 439 2022 aut
471 1955 504 2022 οἷ
529 1963 691 2023 delendum
718 1963 843 2036 suadet,
876 1973 928 2022 aut
952 1963 1145 2023 scribendum
1168 1952 1254 2034 ὅπως
1280 1952 1318 2021 tv
1340 1952 1385 2021 cu}-

252 2055 305 2121 τόν
323 2083 392 2123 ποτε
417 2056 621 2143 θιαχρησαιτο,
650 2074 703 2124 aut
723 2063 858 2144 denique
879 2055 959 2135 ὅπως
976 2053 1030 2139 ἂν,
1059 2055 1174 2123 εἴπατ’
1203 2061 1304 2139 ἔλθοι,
1331 2063 1384 2123 δια-

253 2157 400 2242 γρησαιτο.
443 2165 521 2224 Mihi
540 2166 640 2225 leuius
662 2165 826 2225 videbatur
848 2165 982 2225 seribere
1004 2162 1066 2224 καὶ
1086 2157 1184 2236 ὅπως
1207 2163 1272 2224 καὶ
1291 2158 1384 2224 ὁπότε

254 2258 513 2344 διαχρησαιτο.
564 2267 722 2327 Particula
757 2260 796 2326 ἅν
826 2267 907 2326 enim
937 2267 987 2325 hie
1019 2286 1124 2326 carere
1152 2287 1325 2346 possumus.
1350 2300 1383 2307 -

255 2386 281 2424 ο.
305 2363 356 2424 21.
376 2390 406 2446 p.
426 2367 476 2427 31.
499 2370 585 2442 ξενιοῖ
600 2365 633 2427 δέ
652 2384 683 2427 σε
705 2357 761 2426 οώκ
783 2364 815 2426 ἐν
833 2363 977 2444 ἐμαυτοῦ,
1000 2355 1067 2425 ἀλλ’
1090 2363 1122 2425 ἐν
1137 2356 1252 2447 ἆνδρὸς
1268 2358 1383 2446 ἆγαθοῦ,

254 2457 330 2543 κᾶμὲ
350 2458 389 2538 ὦς
411 2466 510 2546 ίκέτην
531 2462 767 2545 ὑποδεξαμένου,
795 2457 868 2547 παρ’
893 2452 1038 2550 ιβγνώση
1059 2487 1089 2526 τε
1109 2458 1190 2544 τᾶμοῖ
1210 2462 1383 2547 βουλόμενος,

255 2556 435 2651 ἆναθηση
453 2563 481 2628 δ’
495 2566 527 2628 ἐν
539 2566 618 2647 μέρει
634 2566 684 2627 καί
697 2559 733 2627 τὰ
748 2559 824 2627 κατὰ
838 2559 970 2628 σεαυτόν.
1000 2569 1135 2628 Tentavi
1150 2558 1382 2651 ἆναριθμηση

254 2690 310 2749 pro
329 2659 486 2753 αναθήση,
506 2670 588 2749 qued
603 2670 686 2728 nullo
702 2669 790 2730 mode
808 2670 959 2729 sincerum
976 2669 1107 2730 videtur.
1123 2705 1163 2714 -
1184 2693 1212 2730 c.
1230 2669 1280 2730 23.
1296 2694 1324 2751 p.
1339 2668 1381 2727 84.

255 2757 365 2846 μισθὸς
386 2767 420 2829 δέ
440 2791 490 2847 μοι
511 2770 554 2843 τίς
572 2769 667 2840 fetum
694 2767 762 2846 ἔφη.
785 2759 888 2847 τὸμὲν
906 2759 1018 2849 παρὸν,
1048 2755 1116 2850 ἦθ’
1139 2762 1188 2848 ῖς,
1213 2761 1381 2851 εὐχαριστία·

255 2868 358 2943 ξενίων
378 2866 410 2929 δὲ
431 2863 513 2949 οίμαι
534 2864 572 2932 τὸ
595 2864 751 2931 κάλλιστον
770 2859 858 2951 ἆνθρί
880 2873 954 2930 νοῦν
976 2869 1086 2949 ἔχοντα,
1112 2868 1164 2931 καί
1185 2865 1256 2931 οίθα
1272 2861 1382 2940 πολλοῖς

255 2960 295 3041 ὥς
313 2963 469 3050 θησαυρὸν
491 2976 527 3056 τη
552 2975 634 3055 ψυχῇ
655 2968 883 3052 παραθεμένους
908 2960 941 3032 τὸ
962 2972 1066 3054 δῶρον.
1111 2974 1215 3052 Lege:
1244 2973 1340 3049 ξενίων
1356 2967 1381 3028 δὲ

255 3061 338 3146 οίμαι
365 3074 475 3132 τοῦτο
498 3065 663 3133 κάλλιστον.
682 3105 724 3116 -
755 3094 780 3132 e.
804 3071 854 3131 24.
874 3096 904 3154 p.
929 3072 979 3134 87.
1008 3063 1043 3133 οὗ
1064 3077 1183 3144 πολλοῖς
1216 3071 1248 3133 δὲ
1275 3066 1380 3151 ὕστερον

256 3168 349 3231 ἔτεσιν
369 3162 526 3252 οὐρανία
548 3167 714 3253 φωστηρων
731 3169 890 3252 εἱμαρμένη
904 3173 1038 3254 περίοδος
1054 3172 1150 3252 τρέπει
1166 3164 1204 3234 τοῖ
1219 3165 1291 3234 καθ’
1306 3164 1377 3251 ἡμεῖς.

255 3273 341 3350 Lege
365 3263 609 3350 οὖρανιώνων
637 3268 810 3354 φραστήρων.
836 3309 878 3320 -
908 3297 933 3335 e.
957 3273 1008 3334 28.
1034 3298 1065 3354 p.
1089 3273 1140 3334 92.
1168 3273 1249 3348 τίλος
1275 3273 1306 3334 δέ
1323 3293 1379 3332 ποτε

256 3369 307 3430 καὶ
328 3368 394 3453 περί
418 3374 471 3431 τοῦ
487 3373 614 3450 Νείλου,
644 3372 696 3433 καὶ
716 3374 791 3447 τίνες
809 3372 863 3452 μὲν
881 3368 981 3459 αὐτῷ
1000 3373 1133 3455 πηγαί,
1157 3376 1200 3448 τίς
1222 3373 1253 3437 δὲ
1275 3362 1378 3453 ηπαρί

234 3459 325 3544 ’τοὺς
345 3465 451 3546 ἄλλους
472 3465 620 3552 ποταμοὺς
640 3467 793 3547 ίδιοίζουσα
811 3472 899 3553 φύσις
916 3498 944 3536 ιι.
960 3500 983 3537 τ.
1003 3480 1026 3535 λ.
1060 3477 1259 3538 Oeneinnitas
1282 3476 1375 3537 eratio-

255 3576 303 3634 nis
325 3576 481 3655 postulare
503 3578 625 3639 videtur
646 3576 721 3648 τίνες
739 3573 794 3653 μὲν
816 3569 916 3658 αὐτῷ
940 3575 979 3634 αἱ
1000 3577 1116 3657 πηγαί
1136 3588 1193 3640 ete.
1217 3614 1259 3623 -
1284 3576 1376 3637 Statim

256 3697 328 3757 pag.
358 3680 514 3758 sequenti:
544 3676 616 3755 ίμοῦ
637 3675 669 3738 δὲ
697 3670 771 3757 ὅπερ
794 3674 974 3755 ἐγίγνωσκον
998 3671 1143 3754 εἰπόντος,
1172 3677 1222 3739 καί
1248 3672 1301 3739 ὅσα
1323 3670 1375 3752 περὶ

257 3780 309 3837 τοῦ
328 3781 463 3854 ποταμοῦ
482 3772 587 3839 τούτου
608 3778 720 3858 βίβλοις
743 3778 834 3857 ίεραῖς
856 3766 1100 3860 ἆναγεγραμμένα
1120 3772 1224 3858 μόνοις
1241 3782 1298 3850 τοῖς
1316 3795 1372 3853 προ·

256 3883 393 3955 φητιιιοῖς
422 3876 472 3937 καί
504 3872 680 3958 γιγνώσκειν
715 3876 781 3940 καί
813 3868 1121 3959 ἀναγιγνώσκειν
1158 3880 1290 3956 ἔξεστι,
1325 3868 1375 3935 καὶ

258 3971 485 4052 διελθόντος
508 3971 546 4051 ὡς
562 3970 613 4052 τοῖς
627 3977 681 4057 μὲν
696 3969 788 4058 ἆρχᾶς
807 3977 839 4039 ἐκ
853 3982 913 4039 τῶν
927 3973 1028 4058 ἄκρων
1044 3983 1096 4059 τῆς
1108 3980 1284 4056 Αἰθιοπίας,
1304 3966 1372 4052 ἕσχεί·

257 4101 316 4138 των
339 4075 371 4138 δὲ
390 4080 441 4157 τῆς
458 4072 576 4159 Λιβύης
598 4075 741 4160 λαμβάνει
760 4104 788 4140 κ.
809 4104 833 4141 τ.
853 4084 879 4140 λ.
924 4081 1030 4142 Scribe
1054 4083 1104 4142 καί
1125 4084 1226 4144 delete
1248 4091 1276 4142 et
1295 4081 1369 4137 inter·

255 4180 419 4261 punctione
442 4182 530 4241 aliter
552 4183 714 4262 disposita:
748 4179 809 4241 καὶ
832 4172 1135 4262 ἀναγιγνώσκειν
1157 4182 1271 4259 ἔξεστι
1291 4178 1371 4238 διελ-

256 4276 413 4358 θόντος,
436 4272 475 4353 ὡς
492 4272 544 4353 τὰς
565 4279 619 4360 μὲν
637 4305 663 4341 κ.
679 4305 703 4343 τ.
725 4286 749 4341 λ.
765 4319 806 4327 -
826 4284 945 4345 Eadem
964 4287 1078 4365 pagina
1096 4307 1152 4366 pro
1172 4284 1295 4363 θίγειν
1310 4275 1368 4337 seri·

255 4382 389 4440 bendum
414 4386 529 4459 θιγεῖν,
556 4393 589 4443 ut
611 4393 703 4444 antea
724 4388 803 4444 πιεῖν
824 4395 898 4445 erat.
917 4420 959 4430 ·-
988 4407 1014 4445 υ.
1036 4385 1086 4446 31.
1108 4409 1139 4467 p.
1163 4384 1213 4445 98.
1239 4369 1278 4443 οἷν
1295 4370 1369 4448 dm·

259 4467 326 4549 σῑῆς
347 4471 423 4538 εἶναι
444 4472 557 4557 χρόνοις
574 4471 691 4566 ὀλίγη)
711 4478 843 4562 πρόςθεν
862 4476 995 4563 ηξίοιμαι.
1041 4488 1144 4547 Etiam
1159 4488 1231 4548 mihi
1248 4473 1367 4557 ὀλίγοις
