2884 5184
268 426 328 488 148
599 417 863 473 salamanna
887 411 1054 461 enasci

267 615 321 675 τοῦ
340 603 434 688 μόνον
456 601 572 684 κυρίου,
595 597 771 678 exspectari
792 600 923 673 poterat.
958 588 1026 647 Iam
1046 581 1207 642 videamus
1229 574 1396 653 scripturam

271 713 385 774 codicis
406 703 657 785 Regiomontani:

272 875 365 918 causa
386 861 488 911 antem
872 839 1115 912 aitiooaetoytoy

271 960 363 1037 hujus
387 971 499 1014 causae
872 937 1088 1018 toyaiaiaioys

274 1060 415 1120 voluntas
430 1052 504 1113 boni
874 1042 1184 1119 toydiatetoyataeoy

276 1180 355 1242 qnae
378 1157 469 1217 deum
489 1174 544 1233 pro
566 1149 672 1209 verbo.
876 1137 1081 1221 yancicocxci

276 1262 327 1322 dei
345 1277 456 1318 nomen
876 1252 1060 1315 toosonaoy

277 1383 339 1423 non
359 1364 461 1440 potest
483 1373 536 1412 ore
879 1344 1131 1423 ayntaiasepmtu

278 1482 358 1543 spo.
379 1457 534 1519 hominum
552 1452 621 1511 fari.
881 1452 1027 1506 ctonataa

280 1578 432 1638 anosnay
453 1565 484 1617 et
504 1555 597 1635 paulo
623 1559 692 1632 post
720 1547 760 1607 ad
778 1547 883 1607 filium.

280 1661 329 1724 est
350 1661 430 1722 enim
449 1679 466 1717 o
488 1658 532 1716 fili
884 1640 1212 1725 ectistapticntekson

237 1803 240 1808 -
283 1770 420 1823 secretus
442 1757 566 1838 quidam
883 1747 1068 1826 alloppntoc

283 1883 382 1923 sermo
405 1860 512 1938 sapien
885 1846 1060 1908 aotocoocbi

285 1963 331 2022 cie
350 1961 389 2021 de
408 1960 473 2020 solo
493 1956 613 2015 domino
885 1943 1196 2027 acoyiococcotcllepi

286 2047 418 2124 omniurn
441 2069 472 2120 et
886 2046 1211 2129 toynonoykyllantor

284 2165 477 2247 praesciente
886 2149 1137 2229 kaillpoennooy

288 2268 389 2328 omnia
410 2265 482 2337 deo,
507 2280 597 2341 quem
888 2239 1083 2327 nenoydyon

287 2364 390 2428 dicere
412 2384 505 2445 snpra
889 2350 1085 2430 calleantllep

287 2468 442 2527 hominem
464 2473 510 2525 cst
889 2451 1141 2534 anepmlldnecti.

373 2611 411 2669 In
433 2610 481 2668 his
512 2604 664 2687 quaedam
685 2603 796 2661 misere
826 2605 969 2676 corrupta
998 2605 1029 2656 et
1056 2593 1195 2654 mutilata
1223 2608 1303 2660 esse,
1329 2601 1393 2643 nemo

289 2732 351 2771 non
371 2708 470 2781 videt,
492 2707 586 2788 idque
609 2707 641 2764 in
658 2702 777 2763 Latinis
798 2717 937 2781 quoqne:
958 2697 1002 2756 sic
1030 2696 1133 2754 statim
1158 2695 1191 2752 in
1212 2692 1296 2750 linea
1314 2693 1395 2768 quarta

290 2813 360 2873 voci
382 2812 464 2870 verbo
490 2806 660 2868 demendae
693 2810 763 2863 sunt
795 2799 874 2859 duae
900 2806 1094 2878 postremae
1102 2796 1230 2867 literae,
1262 2796 1305 2861 bo,
1327 2795 1393 2864 atque

287 2910 466 2992 jungendae
494 2928 562 2968 cnm
596 2904 724 2965 Graecis
760 2901 889 2980 yancic,
920 2898 1001 2958 unde
1033 2890 1173 2977 βούλησις
1204 2893 1313 2975 prodit.
1352 2881 1395 2943 Sed

293 3020 429 3094 praestat
450 3012 529 3070 haec
552 3008 658 3068 ordine
679 3021 880 3084 percensere:
902 3009 964 3059 tres
984 2999 1101 3078 primae
1125 2997 1265 3057 lineae'
1257 3016 1287 3053 m
1306 2985 1393 3050 Latinis

294 3114 450 3173 continent
469 3111 526 3168 has
548 3127 656 3168 voces:
676 3122 763 3164 causa
785 3110 876 3160 nutem
896 3105 983 3177 hujus
1009 3117 1112 3159 causae
1133 3081 1393 3157 salamantinam

292 3214 385 3287 longe
407 3210 548 3287 pleniora
570 3217 640 3268 sunt
661 3204 798 3265 Graeca:
828 3221 908 3282 quae
936 3203 980 3261 sic
1005 3198 1138 3277 legenda
1162 3206 1251 3258 sunt:
1277 3182 1394 3252 αιτιοσόε

293 3328 399 3367 τουτου
416 3327 469 3365 του
491 3327 624 3367 ninneton
646 3298 664 3383 ἡ
685 3326 738 3365 του
756 3307 792 3363 θι
814 3302 847 3382 (i.
868 3323 895 3362 e.
917 3305 961 3360 θν
982 3321 1007 3360 s.
1031 3304 1106 3360 θεον
1125 3321 1181 3379 pro
1205 3294 1301 3373 θειου)
1320 3303 1394 3367 apaan

297 3410 416 3487 αγαθου
434 3440 477 3447 -
497 3407 550 3466 ubi
570 3408 604 3465 in
625 3424 759 3465 αιαιαιου
779 3403 856 3463 nihil
878 3401 962 3461 aliud
981 3400 1089 3474 video,
1110 3420 1202 3480 quam
1214 3400 1262 3458 bis
1284 3394 1391 3462 deinceps

296 3530 370 3569 casu
391 3507 554 3591 repetitam
576 3506 729 3585 syllabam
751 3527 799 3579 αι,
823 3512 916 3583 atque
937 3502 1059 3561 tertium
1087 3523 1119 3559 αι
1143 3522 1198 3580 pro
1226 3521 1255 3558 τι
1280 3492 1390 3576 positum

296 3613 328 3671 in
351 3629 454 3689 αγετου
477 3628 610 3686 agnosco
632 3607 765 3684 vestigia
785 3605 871 3663 vocis
900 3591 1077 3680 ἆγεννήτου,
1106 3621 1197 3682 quam
1220 3598 1307 3660 editio
1324 3592 1358 3660 Α,
1372 3592 1391 3640 11¹

295 3711 444 3783 vidimus,
465 3709 650 3788 suppeditat.
694 3707 777 3767 Ante
798 3724 903 3782 αγετου
926 3703 1041 3765 excidit
1063 3701 1122 3761 καί.

381 3809 446 3869 Sed
467 3811 599 3870 maxime
617 3807 822 3869 memorabilis
846 3814 893 3864 est
914 3806 997 3864 linea
1020 3811 1144 3884 quartat
1170 3779 1250 3882 qnae
1269 3798 1344 3857 deun
1356 3802 1390 3864 1³1⁰

297 3911 408 3984 verbo,
438 3910 545 3986 υλησισ
580 3922 672 3985 οσχσι
716 3908 791 3980 Hie,
820 3915 853 3965 ut
878 3908 944 3983 jam
970 3904 1117 3977 diximus,
1147 3906 1179 3961 ba
1208 3887 1389 3960 adhaerandllsll

299 4022 345 4075 est
364 4019 493 4091 sequent
481 4011 561 4070 tibus
582 4007 726 4081 Graecis,
749 4005 831 4065 unde
850 4004 993 4083 (iocinore
1018 4005 1107 4064 nobis
1131 4024 1165 4063 se
1188 4003 1286 4072 offert,
1303 4005 1390 4075 pracce-

202 4145 204 4149 ·
299 4112 440 4173 dentibus
474 4109 602 4170 Graecis
631 4106 832 4187 jungendum
892 4104 956 4165 Sed
984 4104 1058 4186 qnid
1090 4124 1130 4164 ex
1158 4101 1281 4183 reliquis
1308 4089 1388 4153 Latina

298 4213 426 4283 faciam,
447 4228 519 4286 quae
540 4214 620 4268 deum
635 4227 755 4284 prover,
783 4206 857 4286 qnid
881 4226 921 4265 ex
950 4204 1079 4265 Graecis
1106 4219 1204 4281 οσχσι,
1233 4182 1388 4262 1111110110ἀΰ

299 4310 400 4370 video.
446 4308 509 4367 Sed
539 4309 572 4368 id
602 4309 675 4367 mihi
705 4308 775 4367 luce
805 4308 917 4366 elarius
950 4306 1035 4366 videt
1023 4314 1087 4378 tur,
1122 4304 1276 4383 vulgatam
1300 4318 1316 4372 η
1306 4273 1386 4346 tat

300 4400 492 4483 προήνεγκεν,
513 4426 531 4464 a
554 4406 658 4467 codiee
677 4417 784 4467 nostro
810 4428 912 4489 neque
933 4409 965 4466 in
987 4405 1117 4467 Graecis
1136 4425 1238 4485 neque
1263 4404 1291 4461 in
1306 4383 1386 4455 Latinis
