2884 5184
240 516 242 519 .
320 497 430 544 arun
453 497 729 547 LAOTAN'HUM
756 501 900 551 onvm.
1137 493 1178 557 99

36 668 77 724 cis
109 669 295 746 saepissime
321 669 457 728 recedat.
501 672 549 729 Ita
577 692 652 730 vero
680 674 759 732 haec
791 675 1001 752 interpretatio
1028 690 1177 758 concepta

36 777 81 825 est
103 770 136 826 in
161 771 301 829 omnibns
323 770 419 828 tribus
442 770 626 830 editionibus
648 774 804 831 veteribus
824 783 855 834 et
875 776 907 832 in
929 777 1034 836 codice
1049 760 1174 838 nostro:

35 873 255 943 incorruptibilis
282 881 308 928 et
335 874 458 929 οοιιιίίίον
490 881 620 929 aeternus
653 877 682 929 in
710 879 778 931 aere
805 877 949 933 babitans.-
977 879 1052 935 bonis
1078 881 1175 936 bonum

33 973 204 1044 praeferens
234 971 399 1049 (proferens
425 972 492 1030 cod.
527 972 619 1049 Reg.)
643 978 731 1047 χίιείίε
757 979 840 1033 multo
865 981 1001 1050 majorem
1025 983 1175 1036 mercedem

37 1068 79 1146 (in
100 1071 172 1128 cod.
193 1071 272 1148 Reg.
284 1093 341 1151 pro
357 1077 446 1145 justis
465 1072 578 1148 legitur
598 1078 654 1141 et),·
673 1079 784 1147 injustis
804 1084 893 1133 antem
914 1085 940 1133 el
957 1079 1037 1133 molis
1058 1080 1129 1133 iram
1151 1087 1179 1135 et

34 1172 164 1242 furorem
186 1178 323 1231 excitans.

422 1386 427 1394 .
496 1340 593 1400 Isis.
631 1339 661 1416 ε.
686 1337 715 1399 a.

119 1460 257 1532 „Rursus
276 1462 329 1515 olio
349 1461 407 1514 loco
427 1475 609 1528 enumerans,
640 1461 737 1532 mribus
765 1463 886 1517 monime
907 1462 1082 1533 facinoribus
1106 1467 1174 1520 inct-

38 1568 104 1616 tetur
129 1563 201 1617 deus
223 1561 293 1617 baec
312 1562 414 1615 intulit.-

205 1660 295 1735 φεῦχε
317 1654 349 1715 δὲ
369 1657 501 1737 λατρείας
518 1649 657 1733 ἀνόμους,
679 1660 743 1738 θεῷ
762 1659 847 1730 ζῶντι
867 1651 1002 1739 λάιρενε·

203 1759 328 1834 μοιχείας
350 1778 380 1816 τε
401 1749 548 1832 φύλασσε,
570 1755 621 1817 καὶ
643 1752 766 1838 ἄρσενος
787 1751 910 1838 dapnes
927 1750 1034 1841 εὐνήν·

206 1858 286 1917 ἰδίαν
306 1844 412 1936 χενεᾶν
432 1856 548 1916 παίδων
569 1856 666 1936 τρέφε,
689 1856 764 1937 μηδὲ
784 1852 907 1936 φόνευε·

204 1957 255 2018 καὶ
274 1948 333 2037 χίιρ
352 1950 369 2017 ὁ
393 1946 545 2032 ἆθᾶναιος
564 1955 763 2038 κεχολώσεται,
782 1952 815 2032 ὅς
836 1981 888 2020 κεν
909 1952 1107 2048 ἆμαρτχ“*).

118 2061 211 2119 Haec
232 2060 326 2117 variis
352 2060 435 2118 vitiis
457 2061 617 2139 inquinata
640 2082 724 2134 esse,
748 2062 841 2121 facile
861 2066 1054 2142 perspicitur.
1094 2068 1171 2126 Ver·

43 2182 87 2219 sus
112 2163 223 2220 tertius
252 2160 290 2218 ab
317 2160 403 2218 initio
432 2179 494 2218 una
519 2160 640 2237 syllaba
666 2180 791 2221 mancus
821 2172 881 2237 θείς
910 2184 1018 2222 versus
1047 2176 1173 2244 quartus

44 2261 224 2321 intolerabili
243 2260 298 2319 sed
321 2282 383 2320 non
402 2254 620 2320 immedicabili
640 2260 726 2319 hiatu
748 2261 877 2319 laborat.
921 2263 1089 2322 Praeterea
1108 2287 1172 2340 μοι·

44 2361 112 2436 χείας
129 2352 296 2437 φυλάσσειν
315 2382 403 2421 nemo
426 2362 548 2421 Graece
572 2361 684 2420 dixerit
713 2381 769 2438 pro
797 2359 925 2437 μοιχείας
951 2354 1173 2437 φνλοίσσεσθαι,·

45 2463 94 2521 imo
118 2462 283 2522 ridiculum
313 2464 393 2523 foret
418 2461 550 2541 μοιχείαν
577 2454 741 2539 φυλάσσειν
768 2462 887 2534 dicere,
920 2461 1173 2542 quemadmodum

45 2562 206 2641 παρθενίαν
236 2555 408 2640 φυλάσσειν.
461 2563 565 2642 Atque
599 2563 739 2637 tandem,
769 2584 848 2643 quae
877 2571 923 2622 est
953 2554 1074 2641 ἄκριτος
1101 2547 1173 2641 εὐνὴ

46 2656 178 2740 tremor?
221 2667 258 2724 In
278 2665 364 2724 libris
386 2664 542 2723 veteribus
562 2685 670 2744 parurn
693 2673 740 2723 est
760 2664 882 2723 auxilii:
906 2665 990 2724 Edit.
1012 2664 1042 2723 A
1064 2665 1172 2727 habet:

47 2786 71 2821 v.
93 2766 117 2823 l.
140 2768 295 2838 θειοζοντι,
314 2788 344 2825 v.
371 2763 400 2823 2.
422 2781 553 2842 μοιχειασ
577 2769 731 2841 εφνλασσε,
754 2788 784 2825 v.
806 2768 835 2825 4.
858 2766 945 2835 deest
964 2756 989 2826 ὁ.
1011 2766 1173 2828 Editiones

48 2867 69 2922 Β
94 2877 123 2927 et
153 2867 179 2926 O
213 2888 287 2926 vero
318 2867 402 2925 nullo
431 2867 462 2924 in
489 2866 583 2925 verbo
611 2868 749 2940 variant,
778 2867 837 2924 nisi
871 2867 953 2946 quod
982 2877 1013 2925 et
1043 2870 1128 2947 ipsae
1157 2859 1173 2927 ὃ

49 2970 196 3042 omittunt,
212 2970 286 3027 satis
307 2988 417 3045 magno
441 2966 637 3038 documento,
654 2966 815 3025 articulum
836 2967 917 3026 hunc
939 2968 1087 3026 intrusum
1104 2988 1172 3026 esse

51 3072 182 3130 anescio
204 3089 263 3149 quo
287 3067 418 3140 editore,
442 3066 552 3146 quide
574 3067 659 3125 hiatu
676 3087 738 3124 non
754 3066 902 3126 sollicitus
925 3068 968 3126 sic
990 3074 1084 3126 metro
1101 3088 1171 3127 con·

50 3170 140 3230 solere
173 3171 279 3230 voluit.
331 3167 442 3226 Omnia
468 3189 542 3227 vero
570 3167 773 3246 exemplaria,
805 3169 897 3227 etiarn
926 3168 1172 3249 manuscriptum,

51 3270 119 3332 hanc
136 3269 419 3350 interpretationem
441 3267 575 3328 additam
603 3270 733 3329 habent:
762 3271 830 3343 supe
848 3273 1000 3329 sceleratas
1019 3275 1173 3346 νιίίρίοιιεε,

51 3381 72 3427 et
95 3380 151 3433 nivo
180 3378 230 3432 deo
253 3375 341 3434 servm
370 3373 405 3426 ab
434 3371 568 3428 adulterio
596 3379 621 3429 te
649 3374 767 3442 abstine,
794 3380 821 3428 et
848 3375 965 3430 marculi
988 3376 1174 3447 permixtione

51 3493 145 3544 prmum
164 3478 313 3549 propriam
333 3474 534 3545 pancrationem
556 3489 639 3534 arear
668 3481 695 3529 et
720 3490 756 3530 ne
777 3475 894 3530 occidas.
936 3473 991 3531 His
1016 3478 1087 3531 enim
1108 3477 1175 3531 deur

53 3576 201 3636 immortalis
220 3574 435 3646 ιἰιιεεὶίανςφνι·
454 3571 524 3627 baec
548 3583 643 3647 αφααι.
686 3574 776 3631 Haec
804 3573 878 3630 satis
905 3571 945 3629 ad
967 3572 1093 3631 verbum
1120 3591 1173 3631 ex-

55 3695 148 3751 pressa
176 3684 262 3748 sunt,
291 3674 351 3731 nisi
377 3672 407 3728 in
434 3671 547 3728 ultimis
576 3673 717 3743 vocibuS‚
751 3678 799 3745 qui
825 3674 896 3729 boec
926 3679 1019 3743 αφιιιιί.
1063 3670 1174 3749 Neque
1229 3714 1231 3718 -

55 3785 144 3839 tamen
164 3785 329 3857 propterea
352 3774 423 3832 olim
446 3774 528 3852 apud
547 3773 742 3832 Lactantium
764 3771 853 3829 aliter
878 3771 990 3828 lectum
1013 3788 1080 3827 esse
1104 3789 1173 3826 con·

56 3879 179 3951 tendam,
203 3897 271 3937 cnm
293 3876 324 3932 in
343 3875 390 3932 his
412 3875 539 3933 vocibus
564 3873 655 3931 lectio
676 3871 823 3929 librorum
848 3869 1066 3955 Sibyllinorum
1088 3888 1172 3946 pror-

59 3996 98 4036 sus
118 4001 183 4039 cum
202 3985 307 4037 nostra
330 3975 492 4055 conspiret.
520 3975 654 4032 Exstant
675 3972 756 4030 enim
771 3972 803 4029 hi
825 3989 932 4029 versus
947 3970 978 4027 in
994 3969 1175 4028 collectione

59 4076 263 4158 Sibyllinorum
285 4076 338 4134 lib.
361 4075 390 4134 3.
419 4095 449 4132 v.
474 4073 545 4134 762.
565 4095 633 4154 sqq.
655 4073 737 4131 hnnc
759 4073 790 4129 in
813 4069 934 4129 modum
956 4069 1075 4147 scripti:

206 4172 328 4256 φεύγετε
345 4173 477 4255 λατρείας
498 4163 633 4243 αἰὃίιιοος·
661 4174 702 4252 τῷ
725 4174 811 4244 ζῶντι
833 4161 968 4248 λάιρενε·

67 4335 249 4347 ᾖ-

117 4410 141 4475 *)
161 4414 237 4475 Quae
255 4411 300 4461 hie
319 4411 412 4460 statim
435 4413 584 4472 sequuntur
599 4405 695 4454 verba:
714 4405 859 4467 indtpnntnr
876 4416 937 4466 erpo
948 4400 1071 4450 adseram
1088 4386 1178 4487 pecqu-

62 4497 128 4555 ίνεεε,
146 4512 178 4545 ea
196 4499 227 4546 in‘
241 4496 336 4545 codice
354 4498 448 4543 nostro
465 4496 493 4540 et
510 4492 597 4539 tribus
616 4493 683 4538 vett.
703 4487 781 4536 editt.
799 4487 935 4552 leguntur.

925 4571 971 4630 7*
