2884 5184
245 435 266 496 6
560 435 838 487 reocaourus
860 433 1062 483 suenrus.

246 630 310 693 tur,
343 638 396 678 cos
422 617 475 699 qui
504 612 678 675 adstiterint
706 612 803 693 dapes
831 613 887 672 bas
914 610 960 670 ori
980 607 1170 682 admovisse,
1201 609 1256 669 scd
1284 610 1378 669 solum

247 722 376 782 Phinea.
420 720 509 780 Haec
536 719 642 798 itaque
663 716 772 775 horum
792 713 956 773 verborum
975 712 1129 772 sententia
1150 710 1224 770 mihi
1246 730 1317 768 esse
1339 712 1378 767 vi-

248 823 355 882 detur:
382 822 535 881 neminem
556 821 706 879 foetorem
727 815 818 875 huius
842 834 968 875 mensae
988 814 1140 874 sustinere
1162 812 1319 892 potuisse,
1345 833 1379 870 nc

247 922 356 1002 procul
376 921 500 1002 quidem
514 921 586 982 inde
604 926 763 981 remotum.
796 916 913 977 Verum
932 936 1035 997 neque
1053 937 1094 976 ex
1111 915 1239 992 vulgata
1249 913 1381 972 lectione

248 1044 351 1104 neque
383 1044 423 1084 ex
451 1022 599 1083 Brunckii
626 1021 807 1081 recensione
834 1020 913 1078 haec
943 1018 1096 1078 sententia
1125 1016 1237 1096 prodit.
1281 1017 1384 1075 Possis

250 1126 374 1206 quidem
395 1125 506 1206 partim
527 1145 545 1185 e
566 1122 721 1185 codicibus
744 1120 893 1181 Parisinis
914 1120 1037 1197 legere:

797 1214 869 1281 οὖδέ
885 1242 929 1293 εις
949 1216 1017 1296 ἔτλη

378 1313 475 1403 ὀδμὴν
497 1321 690 1404 λευκανίηνδε
711 1319 913 1404 φορευχιένου,
934 1308 1003 1380 odd'
1027 1309 1088 1380 dud
1108 1321 1199 1397 τηλοῦ

382 1418 491 1504 ἑστηώς

252 1529 316 1590 Sed
337 1549 399 1589 non
418 1527 597 1608 refragabor
610 1525 811 1599 'Gerhardio,
844 1524 897 1605 qui
919 1521 1114 1591 verisimilius
1132 1534 1236 1604 putat,
1261 1548 1383 1588 eumer

250 1632 338 1691 libris
353 1629 520 1691 excidisset
529 1625 590 1705 aul,
615 1628 808 1690 deficientem
819 1624 971 1706 syllabam
981 1644 1078 1704 prave
1090 1627 1285 1706 supplevisse
1296 1630 1382 1689 libra-

251 1734 330 1791 rium
348 1732 540 1812 Parisinum
568 1727 645 1789 Cum
665 1737 769 1789 tamen
788 1729 820 1787 in
838 1734 965 1805 recepta
978 1726 1112 1787 lectione
1129 1729 1207 1789 nihil
1223 1734 1291 1790 sani
1309 1733 1382 1802 insit,

252 1834 383 1893 fortuma
395 1852 458 1891 non
467 1830 557 1890 nimia
572 1828 682 1890 audaci
692 1830 869 1891 coniectura
881 1829 968 1889 locus
980 1828 1032 1889 hic
1046 1829 1090 1889 sic
1102 1833 1247 1891 constitui
1261 1836 1381 1913 poterit:

831 1917 902 1990 odet
921 1950 965 2002 τις
988 1926 1056 2008 ἔτλη

381 2014 510 2112 deivos
532 2030 725 2109 λευκανίηνδε
746 2021 1000 2111 φορεύμενον,
1023 2020 1092 2091 οὐδ’
1112 2019 1173 2091 dud
1194 2036 1286 2110 τηλοῦ

384 2124 528 2214 ἕοιηῶς.

683 2233 753 2294 Lib.
775 2233 818 2293 11.
839 2253 870 2292 v.
893 2229 966 2293 320.

381 2326 417 2398 ον’
440 2329 511 2417 χοὶρ
530 2356 566 2396 ιε
587 2332 702 2418 ρλζηοιν
723 2331 941 2414 ἐνήρεινεαι
964 2327 1113 2418 νεᾶιηοιν.

253 2444 304 2502 De
331 2441 478 2501 inusitata
503 2440 601 2498 forma
631 2436 765 2516 perfecti
794 2429 973 2516 ἐνήρεινται,
1009 2459 1064 2517 pro
1096 2459 1157 2520 qua
1186 2439 1239 2498 alii
1270 2440 1385 2500 codices

255 2534 420 2621 ἐρήρεινται
439 2539 605 2620 praebent,
634 2539 673 2597 cf.
696 2558 776 2618 quae
799 2538 930 2599 diximus
948 2541 980 2599 in
993 2561 1074 2599 nova
1089 2541 1223 2601 editione
1238 2563 1382 2621 gramma-

254 2645 331 2702 tices
362 2640 520 2714 Graecae,
549 2659 629 2720 quae
657 2640 705 2698 his
731 2638 877 2699 nundinis
900 2642 1097 2720 paschalibus
1125 2646 1294 2724 prostabit,
1322 2667 1385 2724 pag.

258 2743 374 2804 134-
386 2743 501 2804 Verum
508 2751 672 2822 praeterea
682 2743 858 2802 necessario
871 2742 1065 2804 scribendum
1077 2754 1125 2804 est
1145 2737 1181 2828 ori
1196 2735 1266 2825 γάρ
1283 2768 1317 2807 τι
1334 2757 1385 2806 etc.

681 2843 752 2917 Lib,
773 2843 815 2902 Π.
837 2865 867 2902 ν.
890 2842 962 2904 573.

472 2966 478 2979 ·
553 2940 648 3025 ἐρέται
669 2941 702 3005 δέ
722 2933 788 3024 μέγ’
809 2942 910 3024 ἴαχον·
931 2943 1063 3027 ἔβραχε
1084 2938 1116 3004 δ’
1140 2935 1231 3019 αὐτὸς

385 3050 483 3126 Τῖφυς
504 3043 688 3128 ἐρεσσέμεναι
708 3050 864 3129 κρατερῶς.

254 3151 391 3214 Verbum
417 3149 538 3227 βραχεῖν
564 3149 603 3210 de
632 3170 710 3210 voce
732 3151 880 3224 humana,
911 3158 945 3210 nt
967 3150 1007 3209 sit
1035 3148 1184 3222 clamare,
1215 3152 1385 3221 vociferari,

253 3250 389 3311 nondum
408 3249 523 3309 lectum
545 3257 606 3325 est,
633 3259 664 3309 et
682 3251 823 3310 Lexicon
843 3251 1024 3313 Schneideri
1038 3251 1118 3309 hauc
1141 3250 1385 3328 significationen

254 3353 377 3413 nonnisi
405 3371 445 3411 ex
476 3350 535 3410 hoc
562 3349 722 3429 Apollonii
749 3354 818 3413 loco
847 3354 1044 3415 demonstrat.
1095 3354 1306 3413 Tentaveram
1334 3354 1402 3430 ἴαχε·

217 3444 227 3453 ’
256 3441 286 3512 d'
316 3439 415 3523 αὐτός.
461 3451 525 3512 Sed
549 3452 727 3514 Lobeckius
753 3475 839 3515 meus
875 3455 915 3514 ad
942 3455 1050 3515 ductus
1079 3453 1238 3514 literarum
1265 3458 1383 3536 propius

256 3553 407 3615 accedens
430 3551 568 3633 ἐκραγε
589 3555 682 3616 scribi
696 3557 796 3634 jubet.
814 3592 856 3601 —
878 3559 953 3617 Mox
975 3577 1005 3614 v.
1031 3554 1102 3615 606.
1125 3556 1200 3615 mihi
1221 3577 1344 3637 quoque
1360 3558 1385 3614 in
1420 3576 1421 3579 ¹

254 3666 387 3719 mentem
408 3657 507 3729 venit,
534 3655 631 3736 quod,
652 3665 685 3717 ut
704 3667 814 3737 postea
834 3659 915 3732 vidi,
948 3659 1040 3720 etiam
1060 3657 1185 3716 Wakef.
1208 3660 1385 3736 conjecerat,

255 3770 287 3822 et
306 3780 385 3821 unus
402 3758 489 3819 codd.
508 3757 592 3818 Vatt.
616 3760 790 3833 confirmat,
812 3770 846 3820 ut
867 3750 934 3818 tdv
953 3760 1102 3819 scribatur
1124 3780 1179 3839 pro
1197 3753 1279 3819 idcin-
1316 3761 1385 3820 Nan

253 3885 315 3923 non
336 3850 411 3921 ι’δῶν
430 3860 486 3920 sed
506 3856 624 3938 βλέιιοον
644 3862 798 3921 sententia
818 3861 1004 3940 postularet;
1033 3871 1063 3921 et
1090 3860 1253 3920 admodum
1275 3882 1383 3931 vereor,

255 3974 289 4025 ut
312 3964 364 4023 vol
390 3964 490 4042 ipsum
510 3956 628 4039 βλένναν
655 3963 699 4021 sic
724 3960 807 4020 uude
829 3962 903 4040 poni
925 3962 1035 4041 possit,
1067 3971 1101 4021 ut
1122 3982 1178 4041 per
1209 3983 1244 4022 se
1266 3968 1384 4022 νίυοκλιιι

254 4064 415 4142 significet.
444 4096 487 4106 -
512 4084 542 4122 v.
567 4061 639 4122 704.
689 4063 874 4122 Accuratior
900 4084 974 4124 usus
1003 4063 1155 4144 loquendi
1182 4064 1334 4143 postulat,
1357 4071 1384 4121 ut

254 4165 403 4224 scribatur
425 4152 548 4242 ἤρχεε’
570 4151 674 4241 ἆοιδῆς
690 4185 746 4244 pro
774 4150 863 4244 ἦρχεν
888 4154 1001 4243 ἀοιδῆς.
1037 4166 1152 4225 Verum
1174 4186 1214 4225 an
1230 4165 1384 4226 discrimen

254 4265 347 4322 activi
369 4274 400 4325 et
422 4264 515 4324 medii
532 4285 652 4344 semper
668 4276 811 4327 accurate
828 4275 983 4328 servatum
999 4266 1106 4340 fuerit,
1129 4288 1191 4325 non
1214 4267 1337 4328 definio.
1350 4300 1384 4311 -

253 4382 283 4421 v.
308 4362 399 4424 1182.
442 4365 541 4443 Recte
561 4365 734 4426 Brunckius
758 4377 892 4429 mutasse
914 4367 1036 4428 videtur
1058 4356 1127 4426 οὐδὲ
1149 4365 1259 4430 δίκαιοι
1280 4371 1313 4429 in
1341 4359 1386 4446 ἠλὲ

252 4460 378 4532 δίκαιαι
399 4463 455 4523 sed
475 4463 670 4524 scribendum
692 4488 815 4547 quoque
837 4467 871 4527 οἴ
883 4489 916 4547 γε
937 4464 1083 4540 θεουδέες.
