2884 5184
265 494 268 499 >
312 481 425 529 eruc
448 482 727 531 cscrsurluu
750 483 892 532 oevlr.
1109 476 1168 565 ‚97

28 651 152 709 Puteani
174 652 344 711 Lactantio
370 673 492 735 quoque
518 657 681 716 restituere
711 648 827 736 χᾶρμην
857 665 888 716 et
914 660 1060 738 γλυκεροῦ
1081 668 1168 718 notat

29 750 221 830 Opsopaeus.
267 752 305 811 In
322 756 468 834 γλυκεροῦ
489 758 641 815 consentit
663 776 787 837 quoque
809 756 876 816 cod.
896 758 1035 837 Regiom.
1059 769 1090 819 et
1108 761 1166 821 hoc

27 853 85 910 sine
105 851 203 910 dubio
229 853 290 913 sibi
316 856 383 913 vult
405 854 605 933 depravatum
627 854 863 939 γλακνιέρονὶα
884 856 928 931 A,
951 857 985 918 (l.
1030 859 1073 918 At
1098 880 1166 920 cum

27 955 177 1031 exprimo
203 973 299 1012 versu
320 963 437 1014 tantum
454 956 574 1014 initium
599 965 629 1015 et
650 957 742 1017 finem
762 955 812 1016 nul
833 949 896 1016 τότε
917 947 956 1035 δὴ
976 991 1018 999 --
1039 948 1166 1039 ἇνδρᾶσι
1183 976 1210 1019 oo

26 1045 104 1112 δώσει
129 1053 241 1113 codex
260 1054 419 1127 exhibeat,
448 1054 486 1113 de
511 1045 607 1133 χαρὰν
631 1058 708 1116 nihil
737 1059 840 1118 afferri
868 1066 980 1138 potest·
1025 1058 1089 1117 Sed
1113 1060 1167 1120 .vel

26 1154 112 1212 solius
148 1154 272 1213 codicis
304 1156 436 1214 Puteani
462 1158 642 1216 auctoritate
676 1150 792 1238 χᾶρμην
827 1169 873 1218 est
903 1159 1065 1218 Lactantio
1097 1159 1165 1217 red·

26 1251 163 1313 deudum.
215 1255 383 1314 Praeterea
402 1243 612 1333 ᾶνθρώιιοισιν
640 1278 656 1316 e
685 1258 825 1335 vestigiis
853 1258 950 1317 nostri
978 1256 1092 1317 codicis
1121 1259 1165 1317 lc-

25 1354 163 1429 gendum.

479 1523 575 1582 Ibid.
604 1522 635 1599 e.
661 1524 709 1584 ιι.

103 1645 162 1711 „Et
184 1646 243 1700 alia
264 1643 358 1699 eodem
379 1644 474 1699 modo:

189 1730 349 1818 Εὖσεβέων
369 1737 402 1799 dl
422 1733 523 1818 μόνοιν
543 1732 614 1818 ἁγία
634 1729 719 1817 χθῶν
736 1734 834 1799 πάντα
856 1730 923 1799 uoid'
946 1741 1018 1801 οἴσει

192 1843 273 1918 νᾶμα
295 1840 408 1919 μέλιτος
430 1831 489 1901 dcl
510 1838 616 1920 πέτρης
636 1829 687 1918 ἠδ’
707 1831 767 1901 clud
788 1843 885 1919 πηγῆς

192 1939 244 2001 καὶ
261 1931 367 2019 γᾶλατ’
389 1930 551 2020 ᾶμβροσίης
572 1935 667 2021 ρεύσει
684 1936 825 2002 πάντεσσι
843 1941 1000 2013 δικαίοις.“

31 2040 106 2100 Editi
124 2045 189 2102 nisi
210 2045 243 2102 in
263 2043 354 2102 meris
379 2043 530 2102 erroribus
551 2054 694 2124 typorum
715 2064 778 2103 non
797 2045 927 2102 variant.
972 2044 1090 2102 Retulit
1107 2043 1163 2101 hos

32 2162 128 2202 versus
149 2145 315 2221 Betulejus
339 2145 508 2218 intereos,
540 2146 592 2225 qui
620 2147 652 2203 in
679 2145 765 2203 libris
790 2144 1010 2220 Sibyllinorum
1032 2163 1094 2200 non
1115 2163 1162 2200 re-

32 2244 207 2320 perirentur.
253 2244 317 2305 Sed
339 2245 464 2304 fallitur.
497 2245 578 2303 Nam
595 2243 754 2323 paulisper
775 2251 892 2301 tantum
912 2243 1020 2301 mutati
1042 2249 1164 2299 exstant

33 2342 57 2400 5.
79 2367 107 2404 v.
130 2345 207 2408 280.
228 2368 296 2427 sqq.

186 2438 335 2527 Ἑβραίων
357 2444 389 2507 δὲ
409 2437 495 2525 ydola
514 2437 578 2522 olyl’
600 2440 695 2517 ἔσται,
720 2433 819 2521 νᾶντα
839 2433 905 2501 roid'
928 2439 1000 2501 οἴσει

194 2552 274 2626 νᾶμα
295 2543 479 2627 μελισταγέας
499 2534 558 2604 dal
582 2540 688 2622 πέτρης
706 2539 757 2602 καὶ
779 2531 829 2637 dccl
849 2535 982 2621 γλώσσης

193 2647 245 2708 καὶ
258 2643 335 2728 γάλα
355 2638 386 2708 δ’
408 2637 571 2725 ᾶμβμόσιον
588 2636 683 2721 deducu
701 2635 841 2702 πάντεσσι
863 2641 997 2714 δικαίοις.

36 2747 91 2807 Sed
111 2752 203 2831 primi
224 2772 331 2811 versus
354 2751 447 2809 lectio
476 2747 508 2803 in
530 2743 691 2823 Sibyllinis
718 2743 889 2821 rejicienda
917 2753 978 2817 est,
1007 2765 1074 2805 cum
1095 2737 1165 2823 ᾶγία

36 2850 162 2911 ultimam
181 2852 306 2929 longam
327 2849 462 2925 abjicere
486 2853 630 2925 nequeat.
674 2845 712 2902 ln
737 2842 871 2902 secundo
899 2864 991 2903 versu
1014 2847 1164 2925 scriptura

37 2951 181 3013 Lactantii
205 2953 312 3012 mirum
334 2956 479 3028 quantum
508 2944 677 3023 depravata
706 2951 762 3003 est.
808 2941 870 3000 Sed
896 2952 985 3004 vetus
1008 2943 1165 3023 Opsopaei

39 3054 125 3114 codex
144 3055 253 3114 habuit
280 3069 363 3125 Ναμα
386 3050 792 3114 μελιααΔτΑιΗοΑΡο,
821 3042 924 3122 „quod
946 3052 992 3103 est
1012 3045 1093 3120 νᾶμα
1114 3064 1164 3122 με-

37 3154 176 3233 λισταγέας
207 3142 281 3226 let,
316 3157 350 3208 ut
386 3149 418 3206 in
451 3146 613 3226 Sibyllinis
646 3144 819 3203 scribitur,“
872 3141 1074 3203 confirmatur
1105 3146 1164 3203 hoc

38 3273 170 3334 quoque,
192 3262 226 3312 ut
246 3251 348 3309 statim
366 3248 551 3321 videbimus,
573 3268 593 3305 a
610 3253 714 3305 nostro
739 3244 855 3303 codice.
892 3244 937 3341 'In
962 3266 1055 3305 versu
1073 3246 1163 3305 tertio

36 3364 187 3430 praeterea
215 3339 318 3431 ydluu'
350 3351 402 3409 vel
433 3341 510 3427 μᾶλα
540 3338 568 3407 τ’
601 3347 746 3426 postponi
775 3355 923 3418 meretur.
945 3346 1166 3426 Sibyllinorum

38 3455 197 3533 scripturae
229 3444 307 3530 μᾶλα
343 3439 383 3508 d’.
450 3448 513 3508 Sed
548 3448 706 3507 meliorem
743 3447 908 3507 lectionem
941 3447 1028 3506 offert
1066 3444 1165 3505 codex

38 3563 146 3613 noster:

281 3650 427 3728 eycebun
761 3646 907 3703 etiaxoou

279 3749 513 3812 HastatAtAAoi
758 3743 902 3804 ceialtult

280 3851 405 3909 ueaicta
764 3838 914 3898 taiccallo

280 3952 475 4028 icetpscnult
764 3937 920 3995 HOHHlflss

279 4052 412 4114 kaitaltlt
768 4036 927 4116 tokaubpo

282 4150 435 4228 cinepicet
764 4137 911 4194 itautecci

284 4249 411 4307 ukaioio

47 4351 72 4409 b.
92 4374 116 4413 e.

198 4450 328 4526 ενσεβων
351 4490 358 4502 .
384 4491 390 4505 .
415 4490 421 4502 .
446 4489 452 4502 .
477 4464 540 4521 syroe
560 4444 635 4516 χθον
657 4456 790 4496 πανταια
811 4435 866 4493 rud
887 4448 959 4494 οισει

122 4568 256 4620 suanus,
280 4565 395 4608 orusc.
419 4564 487 4604 sac.
511 4562 532 4600 1.
946 4535 963 4592 7
