2884 5184
373 426 556 489 qairrus
581 425 847 477 supernans.
1139 418 1177 479 19

58 613 234 684 receperunt.
277 604 381 684 Atque
410 603 549 683 profecto
576 624 647 663 rara
669 614 740 664 sunt
766 607 923 686 exempla,
952 608 1004 668 ubi
1029 611 1061 668 in
1086 631 1174 689 prae·

58 708 125 765 senti
143 716 278 786 tempore
299 707 331 763 in
354 704 462 764 eadem
481 725 558 765 voce
580 715 704 785 praeter
727 706 849 767 literam
871 709 1043 770 sibilantem
1070 712 1088 783 ζ
1108 722 1175 790 gut-

57 809 150 867 turalis
171 812 292 889 quoque
315 829 332 885 χ
351 815 515 887 appareat,
541 827 642 887 neque
665 810 750 870 aliud
772 812 946 891 exemplum
967 815 1053 887 novi,
1085 837 1177 896 quam

58 903 134 986 pote
153 920 182 969 et
203 902 311 989 pcipe),
343 911 369 968 si
399 929 474 968 vera
494 908 666 970 Schneider
692 912 799 985 affert,
831 915 883 993 qui
910 923 1070 997 utramque
1097 919 1176 978 hanc

58 1015 169 1071 formam
196 1012 312 1072 laudat.
356 1013 434 1070 Mihi
462 1031 536 1099 vero
562 1011 639 1070 nihil
667 1023 791 1091 praeter
818 1007 907 1091 φαὶζω
934 1026 964 1076 et
992 1009 1123 1095 φωγνύω
1143 1040 1176 1080 se

57 1115 167 1190 obtulit;
189 1106 325 1190 φώζοντα
347 1122 378 1173 et
398 1106 553 1188 φωζόμενα
572 1112 666 1172 habet
680 1114 829 1193 Hippocr·
852 1115 891 1175 de
908 1118 1012 1177 Diaet.
1030 1115 1059 1175 2.
1091 1119 1130 1177 Τ.
1148 1121 1176 1179 1.

57 1237 82 1293 p.
100 1213 165 1273 220.
195 1214 286 1274 Lind.
309 1207 464 1292 poiyvvcm
485 1214 685 1274 Dioscorides
710 1215 742 1288 1,
766 1212 817 1273 80.
863 1215 928 1276 Sed
951 1211 1040 1294 φώζω
1062 1230 1092 1279 et
1114 1212 1176 1296 φώ-

58 1339 134 1396 γνομι
157 1317 263 1379 eodem
290 1315 379 1374 modo
405 1315 584 1389 cohaerent,
613 1325 647 1376 ut
675 1310 775 1396 ρήσσω
802 1326 832 1376 et
859 1311 1002 1398 ρήγνομι,
1033 1332 1064 1381 et
1097 1344 1177 1404 quae

57 1419 135 1496 hujus
152 1419 273 1496 generis
296 1417 357 1476 alia
378 1427 457 1477 sunt.
495 1418 607 1497 Neque
628 1426 732 1478 tamen
752 1420 914 1499 quisquam
928 1422 1001 1482 inde
1019 1425 1178 1500 obtinebit,

58 1512 127 1597 ρήγα
151 1521 182 1578 in
208 1541 266 1579 usu
292 1519 388 1580 fuisse
416 1517 560 1593 Graecis,
593 1521 631 1578 iis
659 1520 769 1579 saltem
794 1523 997 1600 temporibus,
1028 1527 1068 1585 ad
1096 1549 1177 1609 quae

57 1630 147 1680 nostra
167 1631 362 1683 monumenta
381 1624 546 1701 pertinent.
585 1620 793 1681 Grammatica
808 1622 931 1702 quidem
951 1625 1113 1708 disciplina
1130 1632 1177 1690 his

59 1732 83 1780 et
106 1724 247 1785 similibus
278 1725 384 1785 formis
408 1744 514 1783 carcre
536 1744 597 1784 non
617 1731 735 1802 potest3
766 1726 798 1782 in
817 1724 920 1784 lexico
940 1748 1014 1787 vero
1039 1751 1177 1791 caenon

59 1823 246 1888 admittendae
262 1836 349 1900 sunt,
365 1836 433 1899 aut,
453 1827 479 1884 si
494 1825 703 1897 admittantur,
720 1825 864 1885 monendi
878 1828 1026 1905 lectores,
1037 1833 1177 1910 juniores

58 1929 233 2003 praesertim,
264 1950 341 2010 quos
368 1949 463 2009 saepe
488 1928 560 1987 hinc
588 1928 733 2008 deceptos
763 1930 853 2001 novi,
884 1939 917 1988 ut
941 1934 1039 1992 sciant
1069 1934 1175 2012 digno-

60 2046 146 2102 scere,
174 2031 320 2111 quidnam
345 2051 456 2092 revera
478 2051 551 2089 usus
569 2031 688 2101 tulerit,
716 2029 861 2110 quidnam
883 2036 1088 2108 grammaticis
1109 2046 1176 2095 tan·

59 2138 112 2188 tum
128 2133 293 2194 rationibus
318 2134 475 2194 debeatur.
521 2130 585 2191 Sed
603 2130 686 2212 quod
708 2129 886 2206 dolendum,
907 2135 939 2192 in
961 2117 1179 2198 recentissimis

59 2229 154 2292 lexicis
176 2236 315 2296 confusio
337 2237 415 2296 haec
437 2235 535 2311 magis
559 2242 648 2293 aucta
672 2241 733 2304 est,
767 2232 893 2292 adscitis
914 2235 1005 2293 etiam
1029 2237 1179 2312 ejusmodi

60 2331 163 2409 formis,
181 2358 257 2418 quas
275 2358 314 2397 ne
328 2338 499 2397 necessitas
516 2333 638 2414 quidem
653 2334 852 2411 grammatica
866 2334 1046 2414 postulavit,
1067 2337 1180 2395 nedum

61 2452 121 2492 usus
147 2438 344 2518 comprobare
371 2437 477 2517 possit.
524 2435 588 2494 Sed
614 2435 692 2493 haec
723 2437 884 2495 occasione
912 2436 1015 2495 oblata
1034 2437 1178 2497 disserui·

61 2554 131 2612 mns3
159 2531 370 2618 περισιενοὶχω,
402 2538 440 2598 dc
469 2559 528 2619 quo
557 2557 655 2598 sermo
683 2547 745 2610 est,
775 2537 870 2596 habet
897 2536 1029 2616 Quintus
1056 2549 1180 2620 praeter

61 2635 129 2697 hune
153 2639 253 2701 locum
285 2638 319 2713 3,
350 2638 421 2702 668.
453 2638 524 2699 730.
560 2640 596 2712 7,
620 2638 671 2697 35.
703 2637 739 2711 0,
760 2637 811 2697 49.
848 2640 901 2713 11,
927 2638 997 2699 323.
1032 2639 1087 2716 12,
1108 2641 1180 2702 430.

61 2737 142 2799 Aliud
159 2743 228 2802 hinc
253 2743 425 2802 derivatum
442 2736 725 2820 περιστοναχέοο
748 2740 872 2801 dubium
887 2741 1076 2803 Schneidero
1094 2743 1179 2801 vide-

61 2849 114 2915 tur,
135 2846 253 2906 nescias
279 2866 348 2917 cur,
372 2836 716 2917 01ιιιιίἇειοσιοναχὲω,
740 2837 937 2920 ἐπιστοναχέω
950 2846 1071 2903 sincera
1084 2852 1180 2924 putet.

62 2942 245 3025 locupletem
264 2955 427 3027 praeterea
438 2953 621 3004 assertorem
633 2963 695 3001 vox
705 2942 784 3002 haec
795 2942 889 3001 habet
899 2944 931 3001 in
944 2940 1049 3020 Quint.
1063 2943 1091 3016 3,
1105 2943 1181 3002 397:

339 3037 359 3124 ἡ
383 3036 412 3104 d'
433 3041 485 3106 οἷα
506 3038 805 3125 περιστονάχησε
824 3036 958 3104 πεσόντα.

63 3148 87 3185 v.
106 3128 171 3189 601.
210 3124 301 3192 darei
319 3128 352 3192 di
369 3130 551 3213 περίαχον
567 3122 792 3207 Ἑλληςιιόντοα.

62 3229 136 3290 Idem
154 3226 284 3315 περιάχοι
304 3233 384 3294 redit
408 3233 461 3305 11,
484 3230 546 3293 382
569 3242 599 3292 et
618 3233 739 3291 divisim
755 3233 790 3306 3,
815 3231 891 3305 706,
914 3231 996 3291 unde
1015 3233 1089 3292 satis
1111 3254 1180 3292 con·

63 3339 128 3404 stat,
155 3328 285 3414 aspicique
303 3357 371 3395 esse
392 3326 548 3414 περιιοὶχω,
573 3335 655 3416 quod
677 3355 717 3393 ex
738 3335 874 3394 Homero
896 3332 1066 3394 Schneider
1085 3336 1182 3395 offert.

63 3431 159 3493 Mirum
183 3446 302 3509 tamen,
332 3439 412 3497 hanc
441 3437 536 3496 solam
564 3457 632 3497 esse
659 3457 767 3497 vocem
797 3457 864 3495 cum
886 3432 953 3513 περὶ
975 3440 1182 3517 compositam,

65 3552 132 3611 quae
149 3526 180 3597 cd
200 3543 215 3597 ι’
239 3541 447 3598 contractione
467 3539 599 3620 quadam
621 3538 819 3618 produxerit,
843 3557 944 3615 neque
961 3538 1074 3596 alicubi
1088 3537 1120 3595 id
1135 3559 1183 3596 me

63 3632 155 3712 legere
181 3641 321 3714 memini,
348 3641 408 3699 nisi
434 3641 466 3698 in
488 3637 620 3717 Quinto,
652 3641 704 3719 qui
730 3630 860 3718 περιάχω
888 3637 927 3694 ad
957 3635 1185 3694 similitudinem
1276 3682 1279 3686 ,

64 3737 108 3793 τοῦ
126 3728 265 3818 ἆμφιᾶχω
286 3740 402 3831 dixisse
422 3741 560 3813 videtur,
583 3749 616 3799 ut
636 3739 674 3811 4,
699 3738 769 3798 147.

468 3831 560 3912 πολὺς
578 3830 609 3898 d'
636 3831 765 3916 οἷμφίαχε
782 3830 852 3907 λαὸς

217 3914 379 3997 donnolus.

547 4077 617 4135 Lus.
641 4075 696 4135 IV.

141 4213 168 4248 v.
189 4192 218 4253 6.
241 4193 371 4272 Trojani
393 4194 527 4254 cadaver
550 4192 660 4252 Glauci
681 4212 755 4269 rogo
777 4194 993 4270 imposuerant.
1017 4191 1133 4249 Verum

533 4285 584 4352 τὸν
605 4283 633 4352 δ’
656 4282 743 4362 αὐτὸς
759 4281 910 4350 Ἀπόλλων

221 4374 252 4436 ἐκ
271 4371 364 4458 πυρὸς
385 4375 559 4456 αἰθομένοιο
581 4367 654 4454 μάλ’
678 4372 842 4452 ἐσσυμένως
864 4366 1003 4454 ἀναείρας

220 4461 295 4522 deice
312 4468 399 4535 θοοῖς
420 4453 553 4541 ἀνέμοισι
577 4459 678 4540 φέρειν
695 4459 812 4538 Λυκίης
835 4449 965 4538 σχεδὸν
987 4456 1061 4534 αἴης.

935 4555 953 4616 2
964 4561 982 4598 3
