2884 5184
272 426 313 489 34
599 432 787 493 omerus
810 433 1074 489 annaneane.

271 613 363 672 Hom.
384 611 423 670 ll.
445 606 481 681 9,
504 605 574 669 184.
597 606 718 689 ῥηϊδίως
737 607 878 669 πεπιθεῖν
898 602 1061 686 μεγάλας
1078 611 1223 692 φρένας
1243 613 1386 676 Αἰαιδδαο.

271 714 386 774 Verum
412 732 443 771 v·
468 708 540 770 341.
566 710 644 770 illud
668 696 746 786 cippi
772 705 806 768 δέ
827 705 860 766 ot
883 728 1008 788 prorsus
1041 713 1203 776 obscurum
1233 718 1307 777 mihi
1338 727 1386 793 esu

270 816 363 874 totius
381 814 444 897 looj
463 813 655 892 complexum
676 811 807 870 intuenti
825 811 993 870 verisimile
1016 818 1077 883 est,
1107 815 1234 893 aliquod
1251 838 1387 878 armorum

271 936 383 995 genus,
411 914 521 996 quibus
549 911 777 973 exercitabatur
796 931 873 990 puer
891 911 1129 991 Neoptolemus,
1157 915 1201 974 ibi
1222 938 1386 980 commemo·

269 1025 368 1076 ratum
384 1016 490 1076 fuisse.
524 1016 658 1075 Forsan:
681 1003 795 1072 ἆσπίδ
802 1034 822 1070 α
837 1000 866 1071 δ’
887 1001 909 1090 ἢ
922 1009 974 1072 καὶ
988 1005 1101 1073 daona
1115 1034 1143 1073 ιτ.
1159 1036 1186 1075 τ.
1201 1018 1227 1074 1.
1261 1019 1388 1079 Tandem

271 1139 301 1178 v.
322 1115 384 1177 342
403 1117 475 1196 lege
496 1113 611 1197 ταρφέα
626 1137 692 1192 μιν
711 1110 854 1191 φιλέεσκε.

270 1241 301 1280 v.
324 1216 396 1280 348.
424 1218 659 1297 Neoptolemus,
689 1216 729 1277 ab
751 1215 867 1295 Ulysse
889 1224 921 1274 et
942 1215 1093 1276 Diomede
1123 1236 1165 1275 ex
1184 1218 1287 1278 insula
1307 1219 1388 1297 Scyro

271 1289 400 1393 ascitiis,
421 1327 548 1379 matrem
568 1319 786 1378 lamentantem
803 1316 942 1396 reliquit3

809 1407 888 1494 ἀμφὶ
909 1406 938 1476 δ’
960 1407 1010 1497 ἄρ’
1030 1414 1111 1502 αὐτῷ

437 1509 564 1580 ἕσπεθ’
584 1511 664 1597 ὁμῶς
679 1508 801 1598 Ὀδυσῆϊ
822 1518 964 1598 δαΐφρονι
986 1517 1096 1591 Τυδέος
1116 1511 1193 1591 αδδς·

435 1622 528 1679 tueri
550 1611 580 1678 δ’
602 1619 693 1682 εἴκοσι
715 1622 823 1696 φῶτες,
844 1609 1025 1701 ἆρηράμενοι
1045 1617 1132 1700 φρεσὶ
1152 1612 1273 1696 θυμὸν,

436 1711 505 1790 toric
522 1717 567 1795 ἔχε
584 1712 777 1794 ιιεδνοτιὶτοας
796 1718 840 1782 ἐνὶ
859 1714 974 1799 δώμασι
994 1713 1176 1800 Δηϊδάμεια,

437 1819 490 1879 καί
509 1836 601 1896 σφεας
623 1807 647 1902 ᾧ
667 1815 740 1900 πόρε
757 1819 843 1883 παιδὶ
863 1812 956 1894 θοοδς
977 1819 1077 1900 ἔμεναι
1095 1812 1299 1903 θεράποντας.

271 1921 427 2002 Quantum
448 1922 661 2004 antiquitatem
683 1925 773 1984 istam
793 1924 948 1984 heroicam
969 1924 1058 1997 novi,
1086 1924 1218 2003 populus
1241 1924 1302 1983 sub
1324 1923 1384 1999 regi-

270 2024 328 2085 bns
357 2022 479 2105 quidem
505 2033 588 2098 erat,
615 2026 658 2084 ita
686 2036 789 2086 tamen
812 2033 848 2084 ut
876 2025 972 2087 omnis
1000 2025 1155 2085 servitutis
1177 2044 1296 2104 expers
1316 2032 1387 2084 esset

270 2125 431 2207 Nusquam
458 2126 656 2186 inveniuntur
684 2148 701 2188 e
729 2128 859 2207 populo,
897 2127 949 2208 qni
973 2126 1005 2184 in
1028 2125 1116 2184 domo
1139 2126 1227 2203 regia
1255 2127 1387 2193 serviant,

270 2228 322 2287 vel
337 2227 506 2287 ministeria
528 2226 655 2303 obeant;
686 2228 815 2289 famulos
836 2248 928 2306 reges
945 2225 1119 2287 habuerunt
1145 2247 1251 2289 servos
1278 2236 1332 2286 aut
1349 2245 1387 2285 ve·

270 2328 393 2389 ualitios
422 2336 475 2387 aut
502 2347 624 2387 vernas.
668 2327 783 2389 Solane
805 2328 970 2389 Deidamia
997 2329 1071 2388 1αοῦ
1093 2330 1193 2405 φῶτας
1215 2324 1247 2390 ἐν
1271 2319 1388 2407 δαίμοσιν

269 2426 441 2502 habuisset,
465 2448 541 2509 quos
558 2429 621 2487 filio
644 2432 770 2492 comites
790 2441 821 2491 et
842 2431 972 2491 famulos
991 2428 1106 2490 addere
1126 2430 1306 2510 potuisset?
1334 2430 1388 2488 Non

270 2546 307 2586 eo
340 2528 458 2605 regium
488 2529 647 2607 imperium
681 2539 755 2590 tunc
783 2530 1016 2591 extendebatur.
1060 2528 1124 2591 Sed
1152 2530 1303 2592 debemus
1333 2531 1390 2591 1οοῦ

269 2625 507 2703 Rhodomann03
524 2638 615 2688 antea
626 2640 693 2690 erat
707 2629 780 2691 λαοί.
804 2634 904 2711 Lege:
923 2626 1030 2692 ἄλλοι
1045 2620 1074 2690 δ’
1089 2630 1182 2695 εἴκοσι
1193 2634 1293 2709 φῶτες
1303 2652 1330 2692 ιι.
1341 2652 1362 2691 τ.
1371 2633 1389 2689 l.

268 2727 384 2786 Levius
406 2736 467 2802 est,
496 2729 577 2809 quod
599 2731 707 2810 scripsi
731 2725 859 2792 ἕσταθ’
880 2725 958 2810 ὁμῶς
978 2753 1033 2812 pro
1055 2733 1165 2795 vitioso
1187 2723 1289 2794 ἕσπετ’
1316 2723 1387 2810 ὁμῶς-

269 2828 319 2888 De
340 2849 371 2888 v.
393 2826 465 2888 371.
489 2830 527 2888 cf.
548 2830 663 2891 Adnot.
686 2833 726 2893 ad
746 2833 795 2906 H,
815 2831 887 2893 418.

268 2948 299 2987 v.
319 2928 390 2990 395.
433 2931 506 3008 νηῦς
526 2919 556 2990 δ’
580 2929 665 2993 ἔθεεν
686 2925 763 2992 κατὰ
783 2925 908 3010 πόντον,
930 2929 1126 3010 ἐπισπομδνοο
1143 2924 1286 3015 ἀνέμοιο,

432 3020 546 3090 τυτθὸν
567 3027 757 3109 ἐπιψαύουσα
781 3031 1055 3114 πολορῤοθίοιο
1077 3027 1239 3112 θαλάσσης.

269 3126 321 3186 Sic
349 3148 390 3188 ex
411 3128 625 3191 Rhodomanni
652 3137 828 3213 conjectura
850 3136 964 3197 editum
986 3144 1046 3208 est,
1073 3156 1140 3196 cum
1160 3144 1252 3196 antes
1275 3131 1388 3220 ἆμίτρος

267 3227 376 3287 fuisset
401 3220 568 3308 πολύρροιο.
611 3234 774 3295 Facillime
795 3248 897 3299 tamen
917 3239 996 3297 haec
1016 3236 1079 3296 loci
1101 3238 1253 3297 restitutio
1279 3249 1341 3313 est,
1366 3246 1386 3298 et

267 3326 398 3386 maxime
412 3326 589 3406 probabilis.
626 3332 678 3393 Sic
693 3339 905 3398 auctoritatem
921 3337 1108 3398 nanciscitur
1128 3338 1186 3397 hoc
1200 3336 1385 3416 adjectivum,

267 3428 355 3503 cujus
374 3447 462 3488 usum
485 3450 525 3490 ex
543 3431 633 3493 Arati
652 3436 819 3498 Phaenom.
841 3460 872 3498 v.
896 3439 967 3500 411.
991 3439 1114 3519 probari
1136 3458 1198 3497 non
1215 3458 1315 3521 posse
1335 3460 1385 3501 cre·

267 3525 312 3586 dit
338 3525 522 3605 Schneider,
557 3533 611 3592 ubi
637 3536 726 3597 Theo
755 3540 949 3620 Mosqnensis
975 3536 1190 3619 τιαλιρῤοθίοος
1215 3527 1387 3624 ἀνθρώποις

265 3627 389 3688 scribat.

264 3749 294 3788 v.
311 3727 384 3790 425.
408 3731 490 3812 qnod
507 3735 715 3812 conjeceram:
737 3720 797 3814 ὑφ’
820 3730 982 3820 ἡμετέροισι
1003 3760 1058 3819 pro
1077 3729 1134 3815 ἐφ’
1154 3729 1324 3819 ἡμετέροισι
1334 3742 1386 3819 jan

263 3831 296 3890 in
317 3832 384 3912 ipso
403 3842 549 3897 contextu
563 3835 779 3897 Rhodomanui
800 3849 923 3900 exstare
945 3840 1053 3913 video,
1077 3838 1159 3920 quod
1182 3860 1235 3899 cnr
1251 3850 1386 3901 mumtun

263 3932 332 4005 sit,
345 3934 460 3994 nescio.
482 3955 513 3993 v.
532 3934 605 3995 458.
627 3956 682 4015 pro
702 3925 847 4015 dteyssvol
866 3939 1060 4003 scribendum
1082 3941 1159 4001 duco
1185 3931 1385 4019 olteyccvo'v.

264 4064 306 4077 ·-
329 4031 380 4092 De
401 4053 431 4092 v.
453 4033 515 4093 510
538 4035 577 4094 of.
599 4031 715 4095 Adnot.
736 4035 777 4096 ad
795 4035 831 4111 2,
855 4038 905 4099 56.
929 4073 971 4082 —
991 4061 1043 4099 vv.
1066 4041 1138 4101 535.
1161 4040 1234 4103 536.
1257 4063 1323 4105 non
1336 4052 1386 4102 tan

263 4133 394 4193 intactos
420 4136 526 4209 miror,
564 4156 654 4217 qnam
683 4136 767 4217 quod
791 4157 881 4197 nemo
914 4138 953 4200 de
983 4142 1058 4200 vitio
1087 4143 1218 4218 monuit,
1258 4142 1385 4204 destituti

263 4231 345 4290 enim
368 4242 439 4293 sunt
469 4254 565 4296 sensu.
593 4245 624 4295 et
653 4258 752 4312 nexu,
789 4247 820 4298 et
849 4241 933 4319 prior
963 4241 1054 4301 etiam
1083 4242 1220 4303 elumbes
1252 4261 1386 4305 numeros

261 4329 364 4389 habet.
385 4365 427 4377 -
451 4354 481 4393 v.
500 4333 572 4394 548.
591 4336 691 4395 scribo
717 4326 794 4396 οὐδ’
817 4336 871 4398 ἔτι
890 4337 946 4399 τοὶ
967 4334 1128 4419 μεμάασιν,
1160 4344 1250 4403 aliter
1268 4344 1384 4409 Rhodo·

261 4447 403 4503 mannus,
426 4432 516 4493 aliter
530 4434 635 4497 Herm·
655 4435 751 4515 Orph.
771 4460 802 4517 p.
827 4437 900 4498 806.
916 4475 957 4485 -
978 4462 1008 4501 v.
1031 4441 1104 4500 551.
1126 4444 1225 4505 Troes
1249 4443 1313 4505 dici
1333 4461 1385 4511 uou
