2884 5184
256 438 316 498 104
583 440 781 491 onrcunr
803 438 1045 486 SIBYLLINA

256 619 436 698 ἒπριζοῦσθε.
458 649 501 659 -
519 611 670 693 ἔαρνθμος
691 616 769 672 Sext.
792 618 902 689 Empir.
931 613 961 685 0,
985 609 1037 671 38.
1066 599 1214 686 ἐκτρανόω
1244 609 1373 680 Astrompr

256 726 394 780 oneirocr.
419 737 485 791 poe.
508 715 548 774 67
577 724 603 772 et
630 717 695 771 binc
719 717 822 772 Suidas
848 732 873 771 s.
897 734 923 772 ν.
952 704 1041 782 οἶνος.
1064 701 1219 786 torosiore)
1246 709 1327 781 Srbytl.
1345 703 1373 762 2.

255 841 285 878 v.
313 815 385 876 283.
416 808 548 886 ἐκτόπως
580 817 658 873 Sext.
691 817 803 888 Empir.
831 815 867 885 7,
904 812 974 871 171.
1003 810 1138 886 ἔπφενξις
1165 811 1318 881 Melampu.
1341 811 1376 864 do

252 923 393 995 palpitott.
417 938 450 992 p.
482 914 553 974 453.
582 923 609 973 et
633 913 704 972 476.
736 912 847 992 ἔαχνμα
872 916 966 989 Sibyll.
996 911 1026 973 3.
1047 932 1078 969 v.
1107 901 1376 982 329.ε’ξα1.ετπτικὸς

257 1021 335 1077 sm.
362 1021 471 1092 Empir.
495 1015 531 1086 7,
553 1012 624 1073 373.
668 1009 853 1092 ἔξαναβαίνοο
874 1016 969 1089 Sibyll.
998 1010 1028 1071 5.
1050 1031 1081 1068 v.
1103 1008 1177 1068 407.
1205 1003 1378 1083 ἐξαπατητέον

256 1121 368 1178 Plator.
389 1121 491 1177 Criton.
514 1135 579 1189 cop.
603 1113 652 1171 10.
685 1107 874 1193 ἕξαττναροῦω
899 1120 980 1191 rynel.
1004 1121 1077 1188 poet.
1100 1114 1134 1169 de
1156 1112 1188 1168 S.
1212 1111 1334 1167 Theodor.
1354 1128 1376 1164 ν.

258 1217 309 1277 54.
340 1238 410 1294 puy.
442 1214 493 1275 22.
529 1205 704 1288 ἕξαποσπᾶω
737 1218 837 1274 Theoti.
861 1219 945 1288 prod.
975 1234 1044 1290 pay.
1076 1211 1147 1270 150.
1177 1205 1378 1288 ἕξερνθηοείόης

258 1322 395 1395 Hippocr.
411 1319 557 1393 prorrbet.
582 1319 615 1372 L.
638 1315 665 1372 1.
682 1335 715 1389 p.
738 1312 910 1375 482108.
950 1314 1014 1374 Sed
1029 1322 1153 1393 propter
1177 1308 1377 1387 exemplarium

260 1419 429 1479 dissensum
453 1418 505 1476 hie
530 1416 616 1475 loeus
647 1414 870 1492 diligentiorem
900 1436 1004 1475 curam
1028 1423 1175 1485 meretur,
1206 1431 1294 1492 quom
1317 1409 1379 1477 alibi

259 1519 491 1598 praestabimus.
510 1551 552 1561 ·-
574 1511 758 1592 ἕξενμενίζω,
778 1518 917 1596 quamvis
939 1517 977 1575 ab
1005 1517 1072 1595 ipso
1096 1513 1284 1572 Schneidero
1307 1510 1376 1569 testi-

260 1621 360 1680 monio
382 1619 521 1679 Philonis
544 1614 573 1674 2.
598 1637 629 1695 p.
653 1612 703 1675 80.
726 1616 763 1674 Ρ.
786 1618 947 1690 munitum,
977 1616 1062 1675 dubii
1087 1624 1191 1673 tomen
1219 1621 1318 1671 notem
1332 1631 1377 1689 ap·

260 1721 372 1798 pictam
405 1720 507 1778 hebet.
558 1717 622 1777 Sed
653 1718 785 1776 occurrit
817 1738 880 1776 vox
911 1739 1033 1799 quoque
1069 1716 1152 1795 apud
1186 1716 1299 1786 Ioseph.
1325 1714 1378 1768 Art.

259 1822 326 1878 Jud.
352 1818 405 1890 12,
433 1817 538 1890 2,13.
562 1839 593 1896 p.
617 1816 689 1876 595.
713 1813 888 1894 ἕξηγητικῶς
914 1822 992 1876 Sext.
1022 1819 1130 1890 Empir.
1156 1817 1274 1876 alirubt·
1295 1813 1379 1870 looum

261 1938 343 1978 nuno
377 1938 438 1977 uon
472 1919 604 1997 reperio.
648 1913 754 1989 ἕξιδεῖν
788 1919 878 1986 Quint.
916 1922 1027 1993 Smyrn.
1066 1912 1101 1989 8,
1133 1914 1207 1974 440.
1257 1909 1380 1989 ἐξιτητέον

262 2021 391 2093 sempr.
410 2023 560 2077 memorab.
585 2019 617 2091 1,
641 2016 738 2091 1,14.
767 2012 909 2088 ἐξοιστέον
935 2021 1066 2092 Eurr'pr'd.
1090 2019 1197 2074 Pboen.
1220 2013 1291 2074 724.
1313 2011 1380 2088 ἐξον-

263 2115 361 2194 reto,
384 2110 552 2194 ἕξονδενόω,
573 2114 735 2192 {roverteo
753 2117 854 2175 omnia
873 2117 951 2176 haer
978 2118 1038 2175 tria
1064 2116 1160 2175 verba
1184 2136 1252 2175 oum
1277 2115 1379 2175 derivo-

262 2219 302 2277 tis
324 2217 513 2279 Schneidero
535 2218 628 2279 dubio
650 2218 802 2277 videntur.
847 2215 911 2276 Sed
933 2217 971 2275 of.
999 2225 1148 2276 testamur.
1178 2221 1252 2277 Lori.
1282 2219 1308 2276 7.
1324 2237 1379 2291 ροη.

263 2316 335 2378 504.
361 2318 409 2378 10.
427 2339 496 2395 pay.
516 2318 589 2378 581.
620 2329 725 2378 urtam.
748 2322 827 2377 Aser.
858 2317 887 2375 7.
910 2336 980 2392 por.
1008 2315 1080 2376 095.
1106 2319 1226 2378 Psalter.
1258 2321 1380 2377 Salomon.

264 2417 293 2491 2,
312 2416 342 2476 5.
362 2439 392 2493 p.
416 2417 487 2478 919.
510 2424 602 2479 LXX.
624 2423 735 2479 Daniel.
756 2419 784 2491 4,
808 2417 856 2476 14.
879 2421 1063 2492 Chrysortom.
1086 2420 1178 2477 homil.
1199 2423 1228 2474 in
1246 2420 1274 2477 Ιι,
1296 2422 1312 2475 l.
1323 2436 1379 2492 por.

265 2517 335 2576 127.
358 2522 449 2577 Sobel.
472 2523 558 2595 Sept.
580 2524 666 2595 Ajac.
687 2539 712 2576 ν.
734 2517 806 2578 300.
827 2521 979 2578 Pbooorin.
1000 2536 1025 2575 s.
1046 2538 1071 2575 ν.
1091 2506 1343 2597 αἰποσαορατισμός
1358 2526 1382 2576 et

262 2636 286 2676 s.
308 2638 332 2675 ν.
360 2615 510 2694 φανλίζει,
546 2640 587 2680 ex
619 2618 729 2701 quibus
759 2613 892 2680 fontibus
926 2618 991 2691 hio,
1026 2639 1107 2679 nuno
1136 2618 1305 2700 disquirere
1332 2637 1381 2676 nou

262 2727 363 2778 vacet.

726 2885 821 2945 som.
855 2884 886 2960 §-
907 2887 936 2944 7.

349 3009 476 3079 „Eodem
498 3016 602 3076 tomen,
624 3007 819 3081 proceriorem
841 3007 1008 3076 poenitentia
1033 3005 1173 3078 factorum
1195 3016 1223 3066 et
1242 3016 1287 3069 sui
1304 3027 1379 3069 οπεο-

265 3108 373 3164 dotione
395 3115 566 3177 contestans,
586 3109 657 3164 bueo
678 3108 798 3164 addidit:
1043 3087 1046 3093 ⁴

428 3196 495 3262 ἄλλ’
519 3202 590 3263 ἐλέει
609 3199 776 3281 nereides&
797 3198 897 3282 βροτοὶ
917 3193 972 3281 δὴ,
998 3200 1091 3281 μηδὲν
1111 3194 1183 3283 πρὸς
1206 3198 1299 3287 ὀργὴν

431 3302 575 3379 παντοίην
595 3293 724 3383 ἆγάγητε
741 3294 817 3362 θεὸν
838 3301 962 3382 μέγαν.“

266 3402 318 3462 Sic
340 3421 462 3482 quoque
490 3403 526 3475 B,
557 3402 591 3476 O,
614 3405 654 3476 D,
678 3405 738 3463 nisi
766 3407 848 3486 quod
869 3408 899 3464 D
929 3403 1028 3486 βροτοὶ
1050 3408 1107 3466 νῦν
1133 3408 1236 3468 habet.
1282 3411 1379 3469 Sedis

265 3503 415 3582 scripturo
430 3503 572 3564 editionis
588 3504 618 3563 Α
640 3496 823 3565 ἆλλεαπᾶνν’
842 3511 1008 3582 μεταθεσθε
1026 3518 1083 3566 eto.
1107 3509 1191 3567 aliud
1209 3511 1285 3590 quid
1303 3513 1380 3570 latero

263 3603 363 3664 videri
389 3605 499 3683 possit,
532 3607 558 3664 si
587 3606 728 3666 conferas
758 3608 1041 3685 interpretationem
1072 3610 1228 3682 Latinam,
1262 3608 1380 3690 quaein

265 3706 403 3765 omnibus
430 3703 519 3765 editis
549 3716 580 3765 et
606 3708 639 3766 in
662 3708 774 3785 scripto
799 3708 846 3765 his
876 3710 979 3769 verbis
1000 3718 1150 3789 concepta
1174 3720 1235 3771 est:
1282 3714 1381 3783 „Omnes

263 3826 328 3881 erqo
350 3810 471 3865 tonores
491 3808 647 3882 transferte
661 3826 722 3877 vor,
750 3825 837 3881 neque
865 3813 904 3866 od
926 3815 999 3868 iram
1020 3814 1109 3868 ducite
1137 3815 1216 3870 deum
1241 3809 1378 3887 maenum-‘¹

264 3908 328 3968 Sed
346 3910 373 3968 si
391 3907 533 3967 consulas
562 3910 686 3969 oracula
713 3907 884 3985 Sibyllino,
914 3911 967 3970 ubi
991 3912 1023 3970 hi
1051 3931 1175 3985 versus,
1204 3915 1305 3972 statim
1326 3914 1379 3989 post

262 4009 452 4089 praecedens
474 4009 690 4086 fragmentum,
719 4017 882 4067 occurrunt
901 4010 955 4068 lib.
983 4011 1013 4069 4.
1043 4034 1074 4070 ν.
1105 4012 1175 4071 157.
1205 4036 1261 4095 sq,
1290 4011 1378 4073 leviter

263 4109 387 4189 quidem
415 4119 588 4188 corruptam
613 4110 768 4169 Lactantii
801 4111 980 4188 scripturum
1009 4114 1209 4186 confitebere,
1239 4113 1294 4173 sed
1319 4104 1377 4169 nihi]
1402 4120 1405 4131 “

263 4207 349 4266 aliud
365 4210 499 4268 tentabis
519 4231 685 4289 reponere,
707 4231 799 4290 quem
817 4211 908 4290 quod
921 4213 952 4270 in
973 4211 1133 4291 Sibyllinis
1155 4214 1284 4290 legitur:

427 4293 448 4365 ri
470 4307 582 4384 μέλεοι,
604 4302 771 4386 reviseres
791 4308 891 4390 βροτοὶ
912 4305 997 4386 τάδε,
1029 4308 1104 4390 μηδὲ
1128 4301 1203 4393 πρὸς
1221 4302 1313 4391 ὀργὴν

427 4407 571 4485 παντοίην
587 4399 715 4488 ἆγάγητε
736 4403 810 4471 θεὸν
828 4410 931 4490 μέγαν.
1298 4416 1303 4425 ’
