2884 5184
373 428 556 491 onrnras
581 425 846 478 surerenas.
1138 419 1177 480 19

47 614 234 686 receperunt.
277 606 382 686 Atque
410 605 549 683 profecto
577 625 647 665 rara
669 616 740 665 sunt
766 609 923 687 exempla,
952 609 1004 668 ubi
1029 612 1061 668 in
1086 631 1175 690 prae-

48 708 119 767 senti
139 718 278 787 tempore
299 709 331 764 in
354 705 462 765 eadem
481 726 558 765 voce
580 717 704 787 praeter
727 709 849 768 literam
870 711 1043 771 sibilantem
1070 713 1088 784 ζ
1108 723 1175 791 gut-

47 811 146 869 turalis
167 816 292 891 quoque
315 831 332 887 χ
352 815 515 888 appareat,
540 829 642 888 neque
665 810 751 870 alind
772 813 946 893 exemplum
967 816 1053 887 novi,
1085 837 1177 896 quarn

49 904 129 987 φοὶζω
149 921 180 971 et
202 904 311 990 φώγω,
343 912 369 970 si
399 930 473 969 vera
494 909 666 971 Schneider
693 913 798 986 affert,
831 916 883 994 qui
910 924 1069 998 utramque
1096 918 1177 978 hanc

48 1017 167 1073 formam
194 1014 312 1075 laudat.
356 1013 434 1072 Mihi
462 1031 535 1101 vero
562 1012 638 1070 nihil
667 1024 791 1092 praeter
818 1008 907 1091 φαὶζω
934 1026 964 1077 et
992 1010 1123 1095 φωγνύοι
1142 1041 1176 1079 se

48 1117 164 1192 obtulit3
188 1108 325 1192 φώζοντα
348 1123 378 1174 et
398 1107 552 1189 φωζόμενα
572 1113 666 1173 habet
680 1115 829 1194 Hippocr.
852 1116 891 1176 de
908 1119 1012 1178 Diaet.
1030 1116 1059 1176 2.
1091 1120 1130 1178 Τ.
1149 1121 1176 1179 1.

48 1240 74 1296 p.
93 1216 162 1275 229.
193 1216 286 1277 Lind.
309 1209 464 1294 pciyvvrur
485 1215 685 1275 Dioscorides
710 1216 743 1289 1,
767 1214 817 1275 89.
863 1216 928 1277 Sed
951 1211 1040 1294 φώζω
1062 1230 1092 1280 et
1114 1214 1176 1297 φώ-

49 1341 129 1398 γνιιμι
154 1319 264 1381 eodem
290 1317 379 1376 modo
405 1316 584 1390 cohaerent,
613 1326 647 1377 ut
675 1311 775 1397 ρήσσοι
802 1328 832 1378 et
859 1312 1002 1398 ρήγνομι,
1033 1332 1063 1382 et
1097 1345 1178 1405 quae

49 1422 130 1499 hujus
148 1420 273 1498 generis
296 1419 357 1478 alia
378 1428 458 1479 sunt.
495 1419 607 1499 Neque
629 1428 733 1479 tamen
752 1421 914 1500 quisquam
928 1421 1001 1482 inde
1019 1426 1178 1500 obtinebit,

49 1515 122 1600 ῥήγω
148 1523 180 1581 in
207 1542 267 1581 usu
292 1521 388 1581 fuisse
416 1519 560 1593 Graecis,
593 1522 631 1579 iis
660 1522 769 1581 saltem
794 1522 997 1601 temporibus,
1028 1528 1068 1586 ad
1097 1550 1177 1609 quae

49 1633 143 1683 nostra
164 1633 362 1684 monumenta
382 1624 546 1702 pertinent.
585 1621 793 1682 Grammatica
809 1623 931 1704 quidem
950 1626 1112 1708 disciplina
1131 1632 1178 1690 his

51 1734 76 1783 et
101 1726 249 1786 similibus
279 1725 384 1786 formis
408 1745 514 1785 carere
536 1746 597 1785 non
617 1733 735 1803 potest;
767 1727 799 1784 in
817 1726 920 1785 lexico
940 1749 1015 1788 vero
1039 1752 1094 1791 eae
1116 1754 1178 1791 non

51 1826 249 1888 admittendae
264 1837 349 1901 sunt,
360 1837 433 1901 qaut,
453 1828 480 1886 si
494 1827 704 1898 admittantur,
720 1826 864 1886 monendi
879 1828 1026 1905 lectores,
1038 1834 1177 1911 juniores

50 1931 235 2005 praesertim,
265 1951 341 2012 quos
368 1950 463 2010 saepe
489 1930 560 1989 hinc
587 1929 734 2009 deceptos
764 1929 853 2002 novi,
883 1939 917 1990 ut
941 1935 1040 1992 sciant
1069 1935 1176 2012 digno·

53 2049 142 2105 scere,
172 2033 321 2113 quidnam
346 2051 457 2093 revera
478 2052 551 2091 usus
569 2032 689 2102 tulerit,
716 2030 861 2111 quidnam
883 2036 1088 2109 grammaticis
1109 2046 1176 2096 tan·

51 2141 107 2190 turn
124 2135 293 2195 rationibus
317 2134 476 2195 debeatur.
521 2132 585 2192 Sed
604 2131 687 2213 quod
708 2131 886 2207 dolendum,
908 2136 940 2192 in
962 2138 1179 2198 recentissimis

52 2232 151 2294 lexicis
173 2237 315 2297 confusio
338 2238 416 2297 haec
438 2237 536 2312 magis
559 2244 649 2294 aucta
673 2242 734 2304 est,
767 2233 893 2292 adscitis
914 2236 1005 2294 etiam
1029 2238 1180 2314 ejusmodi

53 2334 161 2410 formis,
180 2359 259 2419 quas
275 2359 314 2398 ne
329 2339 499 2398 necessitas
516 2335 639 2416 quidem
653 2335 852 2412 grammatica
866 2335 1047 2415 postulavit,
1068 2338 1180 2397 nedum

54 2455 117 2495 usus
144 2439 344 2519 comprobare
372 2439 478 2518 possit.
524 2436 588 2496 Sed
615 2436 693 2494 haec
724 2437 884 2496 occasione
912 2437 1016 2495 oblata
1035 2438 1178 2498 disserui·

54 2557 128 2615 mus;
157 2531 371 2620 ιιεριοτειιᾶχω,
403 2539 441 2600 de
469 2561 528 2621 quo
558 2558 656 2598 sermo
684 2547 745 2611 est,
775 2538 870 2597 habet
898 2537 1030 2617 Quintus
1057 2550 1181 2620 praeter

54 2638 126 2700 hune
151 2642 255 2702 locum
285 2641 319 2716 3,
350 2640 421 2703 668.
454 2640 525 2700 730.
560 2641 596 2714 7,
621 2639 672 2698 35.
703 2639 740 2711 9,
761 2638 812 2698 49.
849 2641 902 2714 11,
927 2639 998 2700 323.
1033 2641 1088 2716 12,
1108 2642 1180 2703 439.

55 2740 139 2801 Aliud
157 2745 232 2804 hinc
255 2745 426 2804 derivatum
443 2737 725 2821 περιστοναχὲω
749 2741 873 2802 dubium
888 2743 1076 2804 Schneidero
1094 2744 1179 2803 vide-

55 2852 111 2917 tur,
133 2847 255 2906 nescias
280 2867 349 2919 cur,
372 2867 440 2905 cunr
458 2845 539 2905 idem
556 2837 717 2918 σιοναχέω,
741 2838 938 2921 ἕιιιοτοναχέω
951 2846 1072 2904 sincera
1085 2854 1181 2925 putet.

57 2945 247 3028 locupletem
265 2956 428 3028 praeterea
438 2955 622 3006 assertorem
633 2964 695 3002 vox
706 2944 784 3001 haec
796 2943 890 3003 habet
900 2945 932 3002 in
945 2942 1050 3020 Quint.
1064 2943 1092 3016 3,
1106 2943 1181 3003 397:

340 3039 360 3125 ἡ
384 3038 413 3106 d'
433 3042 485 3108 υἷα
507 3039 806 3127 περιστονάχησε
825 3037 960 3105 πεσόντα.

58 3152 82 3189 v.
102 3131 170 3192 601.
212 3125 301 3194 ἆιιιαὶ
320 3130 353 3193 δὲ
370 3132 552 3213 περίαχον
568 3123 793 3208 ‘allegatores

57 3233 133 3293 Idem
153 3227 285 3317 περιᾶχω
305 3235 385 3295 redit
409 3234 461 3307 11,
485 3232 547 3294 382
570 3242 600 3293 et
619 3234 740 3293 divisim
756 3233 791 3306 3,
816 3232 892 3306 706,
915 3232 997 3292 unde
1016 3233 1090 3292 satis
1112 3255 1181 3293 con·

59 3344 126 3408 stat,
155 3329 286 3417 περιάχω
304 3358 372 3397 esse
393 3328 549 3415 περιιᾶχιο,
574 3336 656 3418 quod
677 3356 718 3395 ex
739 3336 875 3395 Homero
897 3333 1067 3395 Schneider
1086 3336 1183 3395 offert.

58 3435 158 3496 Mirum
183 3447 303 3512 tamen,
333 3441 413 3498 hanc
442 3439 538 3498 solam
565 3458 633 3498 esse
660 3458 768 3497 vocem
798 3458 865 3496 cum
886 3433 954 3514 περὶ
976 3440 1183 3518 compositam,

60 3556 131 3615 quae
148 3529 180 3600 τὸ
200 3545 217 3599 ῐ
241 3543 448 3600 contractione
468 3541 600 3621 quadam
622 3540 820 3619 produxerit,
843 3557 946 3616 neque
962 3539 1075 3597 alicubi
1089 3537 1121 3596 id
1135 3559 1184 3597 me

59 3636 154 3716 legere
180 3643 321 3714 memini,
349 3642 408 3701 nisi
435 3643 467 3699 in
490 3640 621 3718 Quinto,
653 3641 705 3719 qui
731 3631 861 3718 περιᾶχω
889 3638 928 3695 ad
958 3636 1186 3694 similitudinem
1277 3682 1280 3686 ,

59 3741 106 3797 τοῦ
124 3732 266 3820 ἆμφιὰχω
287 3742 402 3833 dixisse
423 3741 561 3815 videtur,
584 3752 617 3799 ut
637 3740 674 3812 4,
700 3740 770 3799 147.

469 3833 561 3914 πολὺς
579 3831 610 3899 d'
636 3830 766 3917 ἆμφίαχε
783 3831 853 3908 λαὸς

219 3915 380 4000 damoclem.

548 4078 618 4136 Ine.
642 4076 697 4136 IV.

140 4216 168 4251 v.
189 4194 218 4254 6.
242 4195 372 4274 Trojani
395 4197 528 4256 cadaver
551 4194 661 4254 Glauci
682 4213 756 4270 rogo
778 4195 995 4272 imposuerant.
1018 4192 1134 4250 Verum

534 4287 585 4354 τὸν
606 4284 634 4353 δ’
656 4283 744 4363 αὐτὸς
759 4282 911 4351 Ἀπόλλων

221 4376 253 4438 ἐκ
272 4372 365 4459 πυρὸς
386 4377 559 4457 αἰθομένοιο
582 4368 655 4455 pdt'
679 4374 843 4453 ἐσσυμένως
865 4367 1004 4455 ιἰναείρας

220 4463 296 4523 δῶκε
313 4469 399 4535 θοοῖς
421 4454 554 4541 ἀνέμοισι
577 4461 679 4544 φέρειν
696 4461 813 4540 Λυκίης
836 4450 966 4538 σχεδὸν
989 4457 1062 4536 αἴης.

936 4557 954 4617 2
965 4562 983 4599 3
