2884 5184
271 430 333 492 256
669 438 1008 489 sarsrnnunrus.

269 620 422 699 posterius
443 607 614 693 (σωμάτων)
626 618 692 694 jam
711 616 743 674 in
757 614 920 673 Abreschii
942 613 1076 673 editione
1099 624 1280 694 occupatum
1299 614 1394 691 video,

269 720 309 778 ad
328 721 413 800 prius
436 717 519 798 quod
547 719 671 790 attinet,
700 738 762 775 non
784 716 882 774 solum
911 716 1064 794 optativus
1094 723 1125 773 et
1148 716 1278 794 pluralis
1304 718 1392 795 requi-

267 829 387 892 runtur,
417 818 472 878 sed
501 820 569 898 ipsa
597 819 694 878 forma
716 817 808 877 medii
833 817 966 876 barbara
996 824 1053 876 est.
1077 848 1120 858 -
1147 818 1210 896 Ep.
1241 816 1289 877 13.
1313 809 1393 887 οὕτως

265 920 351 993 ἵλεως
368 920 414 997 εἴη
435 941 485 997 μοι
500 908 674 997 Ἀφροδίτη,
696 909 754 994 ὡς,
782 909 854 978 ὅσον
875 908 960 996 ήμῶν
983 910 1185 993 ἕκδεδήμηκας
1207 911 1326 998 χρόνον,
1350 909 1412 976 τόνῚ

268 1021 362 1101 ἔρωτα
382 1020 507 1101 βεβαίως
523 1009 717 1096 άνεττίίηστον
739 1010 894 1098 διετήρουν
917 1006 972 1076 άεί.
1015 1018 1181 1092 Voculam,
1204 1040 1296 1100 quam
1317 1019 1389 1078 addi·
1411 1065 1412 1070 .

267 1124 379 1197 dimus,
402 1115 456 1198 ὥς,
478 1122 570 1182 facile
585 1122 671 1181 illam
692 1141 711 1179 a
733 1121 876 1201 sequenti
896 1111 966 1180 όσον
985 1120 1193 1194 obliteratam,
1216 1123 1390 1181 concinnitas
1411 1171 1412 1176 ,

265 1227 422 1306 postulare
453 1224 584 1283 videtur.
637 1225 712 1282 Mox
742 1222 858 1282 scribo:
895 1219 1081 1299 κοιμωμένην
1113 1213 1285 1281 καταλιπων
1315 1214 1390 1303 ᾤχου.

262 1318 423 1408 Ἀριάδνην
440 1322 503 1404 ἐμὲ
521 1327 614 1385 πᾶσαν
634 1327 772 1383 καλοῦσι·
794 1313 832 1382 οὐ
851 1318 883 1382 δὲ
900 1313 1013 1399 Θησεὺς
1028 1318 1107 1398 ἐμοὶ,
1130 1320 1164 1380 εί
1182 1330 1220 1396 (s.
1237 1323 1327 1396 εἴθε)
1348 1320 1390 1383 καὶ
1411 1403 1412 1410 χ

266 1423 428 1501 Διόνυσος·
453 1417 520 1488 Οὐκ
534 1419 652 1507 ἐβόμβει
670 1442 729 1485 σοι
750 1414 786 1483 τά
803 1408 878 1499 sira,
900 1416 947 1483 'dra
965 1439 1021 1482 σου
1032 1413 1104 1499 μετά
1119 1418 1260 1504 δακρύων
1281 1419 1389 1503 ἐμεμνή·
1411 1455 1412 1490 3

264 1555 339 1609 μην;
366 1533 419 1591 ubi
445 1526 496 1606 ἕμὲ
521 1531 629 1609 scripsi
650 1549 705 1609 pro
728 1522 779 1602 με’,
804 1534 867 1584 tum
892 1523 918 1583 εί
945 1546 969 1584 s.
993 1523 1057 1583 εἴθε
1088 1525 1208 1603 addidi,
1241 1530 1300 1588 hoc
1321 1529 1388 1588 enim
1411 1519 1412 1570 Ῠ

264 1634 388 1715 optabat
406 1634 516 1693 misere
535 1652 640 1690 amans
658 1629 779 1711 puella,
809 1636 857 1702 ut,
886 1625 1139 1707 quemadmodum
1158 1627 1237 1686 alter
1260 1631 1388 1689 Theseus

263 1736 361 1813 ipsam
383 1755 486 1793 somno
503 1734 653 1811 sepultam
671 1731 862 1810 reliquisset,
885 1730 929 1787 sic
948 1730 1025 1789 alter
1046 1728 1105 1807 ipsi
1123 1749 1246 1810 quoque
1260 1732 1385 1791 Bacchus
1411 1747 1412 1820 χ

262 1838 364 1908 fieret,
387 1837 440 1916 qui
463 1835 640 1894 derelictam
661 1832 821 1892 solaretur.
866 1832 946 1890 Tum
967 1850 1014 1892 σοι
1032 1855 1088 1913 pro
1107 1855 1158 1911 μοι
1178 1836 1383 1912 rescripsimus,
1411 1825 1412 1868 l

261 1937 374 2016 inquo
398 1935 452 1992 alii
470 1935 536 2011 jam
556 1934 645 1993 nobis
669 1934 876 2012 praeiverunt.
927 1934 1024 1994 Paulo
1049 1945 1119 2015 post
1141 1938 1173 1996 in
1200 1937 1318 1998 verbis:
1344 1930 1384 1992 καὶ
1411 1919 1412 1926 ¹

261 2028 327 2114 τήν
348 2028 405 2113 σήν
425 2024 579 2113 ἐπιστολήν
595 2026 634 2106 ὦς
655 2024 821 2117 αὐτοχειρίᾳ
842 2027 969 2111 μάλιστα
991 2036 1195 2117 γεγραμμένην
1219 2035 1307 2115 με’σην
1326 2027 1382 2095 tirri-
1411 2073 1412 2116 χ

261 2143 339 2215 θηκε
365 2141 426 2211 τοῖς
452 2140 589 2215 μαστοῖς,
619 2126 674 2213 τήν
700 2133 748 2195 ἐπὶ
778 2133 824 2195 σοὶ
851 2135 1118 2214 διεκπηδωσαν
1142 2134 1385 2219 παραμυθουμένη
1411 2151 1412 2216 χ

261 2239 387 2319 καρδίαν
409 2239 555 2298 articulus
577 2246 648 2297 ante
676 2229 734 2315 σήν
753 2237 847 2314 vulgo
873 2239 954 2297 male
984 2239 1094 2307 deest..
1124 2241 1216 2301 Amat
1236 2261 1305 2300 vero
1324 2239 1383 2297 Ari·
1411 2255 1412 2326 χ

260 2352 416 2402 staenetus
438 2341 564 2402 verbum
584 2338 684 2419 πηδᾷν
706 2340 835 2418 ejusque
858 2342 1041 2418 composita;
1064 2343 1108 2401 sic
1122 2336 1246 2420 πήδημα
1261 2345 1308 2420 τής
1322 2362 1383 2419 καρ-
1411 2373 1412 2414 χ

260 2442 325 2515 δίας
349 2443 381 2516 1,
408 2439 614 2520 12.,ἕκπηδᾷν
638 2438 673 2514 2,
698 2440 746 2498 19.
776 2431 951 2521 ὖπεκπηδᾷν
980 2440 1016 2516 2,
1039 2441 1069 2501 5.
1091 2444 1265 2524 προςπηδᾷν
1286 2442 1316 2517 2,
1340 2440 1381 2499 16.
1411 2485 1412 2518 ,

260 2546 355 2603 —In
374 2543 620 2625 insequentibus:
644 2537 783 2600 ἐντεῦθεν
803 2530 842 2601 clv
863 2534 921 2619 ήδη
942 2542 1019 2620 χίλια
1037 2540 1318 2622 παρασκευάζου
1338 2565 1381 2618 φι-
1411 2533 1412 2610 l

259 2638 373 2723 λήματα
392 2646 478 2706 varie
500 2653 649 2704 tentatum
671 2652 718 2702 est
737 2643 879 2717 verbum,
901 2644 1040 2704 Mercero
1060 2638 1274 2725 παρασκευάζον
1291 2663 1380 2703 emen·
1411 2633 1412 2698 ἦ

259 2747 366 2819 danto,
387 2747 513 2805 Pauwio
533 2742 767 2824 παρεσκεύαζον,
788 2744 959 2804 Abreschio
979 2765 995 2805 e
1013 2749 1190 2824 conjectura
1204 2748 1244 2807 V.
1256 2748 1295 2805 D.
1309 2744 1380 2825 apud

257 2847 390 2907 Dorvill.
416 2847 490 2907 crit.
516 2848 617 2907 Vann.
643 2868 674 2926 p.
698 2844 771 2905 619.
804 2845 915 2906 edente
941 2844 1169 2926 παρεσκευάζου.
1221 2847 1283 2907 Sed
1302 2867 1380 2906 nemo
1411 2835 1412 2928 l

256 2949 345 3024 vidit,
368 2948 450 3029 quod
472 2949 561 3008 unice
577 2968 683 3008 verum
702 2956 763 3020 est,
785 2940 1105 3025 παρασκευάζετε,
1126 2958 1252 3030 propter
1266 2967 1379 3027 praece·
1411 2937 1412 3000 l

257 3050 332 3110 dens
360 3048 387 3109 εί
408 3048 520 3128 εἰδείης.
541 3085 584 3097 -
611 3050 672 3130 Ep.
699 3047 748 3107 19.
768 3068 823 3128 pro
851 3040 948 3125 ἐφάνη
965 3039 1021 3127 τήν
1045 3039 1179 3126 κεφαλήν
1200 3040 1297 3128 ῥόδοις
1322 3042 1377 3105 riv-

255 3145 421 3227 θήσαοιν
446 3172 508 3210 non
538 3172 605 3211 cum
633 3149 804 3210 Abreschio
835 3133 866 3227 p.
893 3145 964 3214 305.
997 3139 1135 3228 άνθήσας
1163 3148 1376 3210 rescribendum
1411 3129 1413 3206 1

256 3259 336 3322 erat,
358 3249 414 3308 sed
436 3241 643 3328 άναδήσας;
667 3252 707 3310 ef.
730 3249 854 3309 Ruhnk.
884 3248 924 3307 ad
946 3250 1025 3308 Tim.
1047 3272 1078 3330 p.
1102 3249 1172 3312 246.
1202 3254 1290 3331 κιττῷ
1314 3240 1376 3309 tirr-

160 3341 166 3354 ¹
254 3340 391 3424 deriperas
414 3349 510 3409 Olem.
532 3351 737 3410 Alexandrin.
758 3374 789 3432 p.
812 3349 862 3410 92.
883 3383 925 3393 -
950 3352 1010 3430 Ep.
1028 3349 1078 3409 21.
1098 3351 1250 3433 περίεργος
1270 3350 1375 3412 διατελῶ
1411 3341 1412 3376 ¹

252 3438 326 3528 πρός
350 3440 387 3509 τά
412 3443 522 3530 γόνατα
548 3454 698 3529 πανταχῆ,
727 3441 768 3529 μά
791 3451 864 3527 Δία,
892 3440 945 3528 οὐχ
973 3449 1025 3509 ἵνα
1049 3444 1162 3511 τούτων
1184 3446 1295 3531 άψαιμι
1315 3496 1322 3511 ·
1342 3494 1373 3508 ··
1411 3521 1412 3526 .

252 3541 317 3610 ἄλλ’
333 3541 413 3623 όπως
427 3544 596 3631 παράθεσιν
613 3543 724 3631 άκριβῆ
741 3555 795 3612 σοῦ
809 3572 839 3611 τε
853 3541 1000 3612 κάκείνων
1015 3545 1238 3630 ποιήσωμαι.
1281 3553 1372 3614 Scribo
1411 3569 1412 3638 χ

250 3652 498 3731 ποιησαίμην,
523 3675 584 3712 non
605 3661 729 3732 propter
756 3644 834 3724 ὅπως
859 3674 926 3713 cum
951 3655 1031 3732 conj.
1060 3674 1124 3712 aor.
1149 3655 1178 3714 1.
1206 3657 1285 3716 med.
1306 3654 1371 3733 posi·
1411 3659 1412 3730 ζ

249 3763 328 3829 tum,
359 3754 415 3814 sed
439 3763 565 3835 propter
587 3745 714 3830 άψαιμι,
743 3755 826 3836 quod
852 3775 914 3814 non
938 3756 982 3814 ita
1003 3755 1094 3814 facile
1123 3758 1154 3815 in
1182 3751 1254 3834 άψω
1274 3765 1373 3815 vertas.
1411 3805 1412 3812 ,

250 3854 339 3933 Quae
361 3855 474 3915 ibidem
495 3876 566 3914 mox
588 3863 756 3935 sequuntur
774 3855 886 3914 verba:
909 3852 959 3914 καὶ
977 3846 1016 3933 νὴ
1037 3844 1089 3914 τόν
1101 3849 1235 3935 Ἔρωτα,
1260 3852 1309 3916 τὸν
1326 3844 1371 3913 εὖ·
1411 3833 1412 3846 ¹

216 3971 225 3992 ⁸
249 3959 365 4033 τυχῶς
392 3955 433 4027 είς
454 3953 485 4016 σὲ
505 3944 563 4033 τήν
582 3947 656 4032 ἐμήν
675 3949 862 4030 τετοξευκότα
883 3953 999 4033 ψυχήν,
1027 3958 1127 4017 levem
1146 3957 1294 4016 maculam
1311 3974 1371 4014 con·

247 4060 379 4116 traxisse
403 4057 560 4130 videntur,
584 4078 674 4137 quam
696 4059 789 4118 facile
808 4058 893 4119 eluas
912 4057 1109 4116 rescribendo
1132 4048 1312 4134 εὐστόχως
1325 4070 1371 4132 pro

247 4146 388 4234 εότοχῶς;
417 4158 455 4216 cf.
478 4158 510 4231 1,
532 4158 559 4217 1.
583 4148 600 4219 ό
621 4155 654 4216 δὲ
679 4161 805 4238 χρυσοῦς
824 4151 921 4239 Ἔρως
945 4154 1097 4216 ἐπαίδευσε
1117 4148 1172 4235 τήν
1194 4153 1373 4232 ποθουμένην

248 4246 429 4334 εὐστόχως
450 4252 686 4333 ἕπιτοξεόειν
706 4263 770 4331 ταῖς
790 4262 850 4319 τῶν
871 4247 1011 4337 ὀμμάτων
1031 4259 1143 4338 βολαῖς.
1165 4292 1208 4303 -

709 4435 921 4445 ——-——-..—
