2884 5184
362 497 561 545 calenus
588 498 834 549 SIBYLLINA.
1109 492 1168 553 113

235 664 397 749 όίνθροιποι
413 660 489 730 θεὸν
508 663 607 746 είπον,
630 665 833 746 ἕπεψεόσαντό
852 694 891 733 τε
912 668 1033 752 μάντιν·

238 763 316 832 trel
335 773 410 829 θεοῦ
431 764 586 850 μεγάλοιο,
605 763 657 833 τόν
678 763 715 832 οὗ
737 771 815 852 χέρες
837 772 968 834 ἔπλασαν
988 763 1109 855 ἆνδροὶν

235 867 369 943 εἰδώλοις
390 861 527 933 όλόλοισι
548 871 763 948 λιθοξίστοισιν
783 865 902 953 ὁμοῖον·

236 967 304 1033 οὔτε
324 964 384 1052 yle
404 966 490 1033 οἶκον
508 973 580 1053 ἔχει,
603 965 695 1035 ναδν
715 974 845 1052 λίθον,
865 973 1028 1054 ἱδρυθέντα

239 1067 415 1151 κωφότατον
435 1068 533 1136 νωδόν
550 1096 596 1152 τε,
618 1077 735 1157 βροτῶν
755 1076 924 1156 πολυαλγία
945 1069 1054 1155 λα’βην.

31 1174 74 1233 sic
99 1185 201 1235 totum
237 1177 319 1236 hunc
346 1178 448 1236 locum
476 1180 637 1238 constituo.
673 1198 703 1235 v.
736 1179 765 1237 4.
795 1179 957 1256 legebatur
989 1165 1025 1236 cri
1054 1175 1170 1251 ψεαδοῦ

34 1274 139 1354 Φοίβου
168 1271 392 1356 χρησμήτορος,
414 1276 488 1338 ὀοδ.
516 1279 596 1357 leeg.
625 1278 711 1337 dedit
732 1279 847 1358 ψευδῆ,
874 1279 971 1338 Clam.
997 1277 1167 1338 Alexandr.

31 1379 98 1436 (leh.
118 1378 162 1436 ad
183 1387 287 1456 gent,
310 1380 363 1459 qui
384 1380 466 1438 hunc
487 1389 518 1440 et
540 1389 602 1439 tres
625 1392 791 1460 sequentes
819 1401 926 1439 versus
957 1380 1049 1439 etiam
1072 1378 1170 1451 affert,

33 1478 133 1552 ψεῦδος
152 1514 197 1522 -—
221 1471 437 1558 χρησμηγόρον.
473 1503 503 1540 v.
528 1482 557 1540 5.
580 1483 673 1558 vulgo
692 1482 806 1559 legitur
826 1471 1026 1557 ἕπεψεόσαντο
1047 1476 1080 1539 δὲ
1094 1470 1165 1555 μόν-

33 1602 79 1637 τιν.
101 1603 130 1639 v.
155 1580 187 1640 8.
218 1582 313 1660 vulgo
336 1584 401 1662 ναῷ
422 1581 520 1642 λίθον.

35 1703 58 1739 τ.
74 1682 123 1742 99.
144 1705 194 1764 sq.
241 1674 361 1761 ἇμετροι
381 1684 427 1742 sic
449 1683 622 1761 corrigendi
644 1692 730 1743 sunt:

238 1780 289 1843 καὶ
311 1776 445 1864 Σύβαρις
465 1781 583 1843 πέσεται
602 1781 653 1843 καί
674 1776 814 1861 Κύζικος,
833 1773 925 1862 ἡνίκα
944 1779 1030 1861 γαίης

237 1877 441 1964 βρασσομένης
463 1889 592 1962 σεισμοῖς
612 1883 719 1946 πολλαί
740 1885 880 1945 πίπτουσι
900 1875 1021 1961 πόληες,

37 1986 80 2045 ubi
99 1988 164 2047 noli
186 1979 315 2064 πὲσομαι
339 1987 453 2045 mirari.
497 1987 578 2046 Nam
604 1988 657 2068 qui
685 1987 889 2067 Philopatrim
919 1985 1041 2062 scripsit
1069 1982 1169 2041 misel-

38 2088 77 2146 lus
105 2100 228 2162 auctor,
258 2097 290 2148 et
318 2089 473 2162 Lucieno,
507 2095 538 2146 at
568 2098 682 2169 quanto
710 2090 794 2162 viro,
824 2086 998 2165 supposuit,
1032 2083 1172 2142 versibus

40 2189 201 2250 elumbibus
225 2199 257 2250 et
278 2181 415 2268 ἆμέτροις
437 2189 537 2249 active
561 2188 638 2247 adeo
660 2181 742 2249 πόσαι
762 2185 889 2266 protulit
908 2206 934 2243 c.
954 2182 1005 2241 28.
1026 2184 1065 2240 Τ.
1085 2183 1127 2239 Π.
1141 2204 1172 2258 p.

41 2289 101 2348 646.
123 2291 173 2350 ed.
199 2288 354 2350 Schmied.
376 2289 445 2349 luco
467 2291 636 2349 simillimo:

241 2381 394 2450 πέπτωκεν
412 2377 509 2469 όφρδς
529 2378 550 2468 ip
570 2381 664 2448 πόλαι
682 2376 819 2465 βοωμὲνη

242 2493 383 2572 Περσῶν,
405 2523 448 2534 -
469 2489 521 2550 καί
539 2492 642 2551 Σοῦσα
660 2477 777 2548 κλεινόν
797 2479 872 2546 rictu

242 2586 351 2653 πόσει
372 2585 402 2651 δ’
422 2589 465 2651 ἔτι
488 2612 521 2670 γε
539 2593 623 2651 πόσα
643 2581 730 2669 χθὼν
750 2580 889 2668 Ἀραβίας

242 2691 314 2773 χειρί
337 2695 515 2771 κρατοῦντος
536 2682 810 2772 εόσθενοοτότῳ
830 2679 938 2765 κράτει.

44 2795 87 2854 ubi
106 2806 196 2855 notes
220 2815 343 2876 quoque
362 2785 588 2865 εόσδενοίτατος.
633 2793 697 2852 Sed
718 2793 757 2865 in¹
773 2789 886 2864 Sibyll.
909 2787 965 2845 IV.
988 2806 1018 2842 v.
1045 2782 1115 2841 105.

245 2885 411 2975 Καρχηδῶν
426 2891 476 2953 καί
498 2899 558 2955 σεῖο
578 2890 668 2972 χαμαί
688 2893 747 2959 πᾶς
767 2880 880 2964 πύργος
903 2882 981 2962 ἕρεί
986 2901 1040 2943 σει

45 2997 93 3056 fuit
113 2995 262 3077 ἕρείψει
283 3000 303 3056 i.
326 3019 353 3057 e.
373 3000 519 3071 πεσεῖται,
539 3014 619 3053 nove
643 3000 674 3049 et
691 2991 750 3048 hoc
772 2987 895 3045 dietum.
923 3018 960 3025 —
983 2986 1032 3041 De
1050 3004 1080 3040 v.
1105 2981 1174 3040 109.

47 3099 78 3156 τί.
100 3101 138 3160 ad
158 3100 213 3159 lib.
234 3097 263 3156 5.
286 3121 317 3157 v.
341 3096 411 3157 125.
435 3119 503 3177 sqq.

48 3221 71 3256 v.
90 3202 158 3263 116.
184 3222 252 3281 sqq.
272 3197 323 3259 καί
342 3188 403 3259 τότ’
426 3188 480 3256 ἄπ’
501 3187 622 3268 Ἰταλίης
633 3178 772 3269 βασιλεὺς
785 3182 891 3266 μέγας,
907 3177 997 3245 οἷοίτε
1017 3173 1175 3264 δροίτης,

275 3287 389 3377 φεύξετ’
409 3289 555 3372 ἄφαντος,
581 3282 754 3366 όίπιστος,
776 3281 851 3370 ὑπὲρ
874 3281 969 3365 πόρον
991 3274 1175 3362 slepaima,

200 3423 204 3430 ’
276 3391 383 3462 ὁππότε
404 3385 442 3473 δὴ
461 3395 609 3474 μητρῶν
631 3383 703 3472 όγος
726 3394 878 3472 στυγεροῖο
899 3380 1004 3465 φόνοιο

276 3492 417 3576 τλήσεται.

49 3605 172 3667 Primum
192 3620 314 3662 versum
337 3600 592 3676 interpretantur:

198 3713 272 3761 tunc
294 3720 334 3758 ex
352 3698 445 3757 Italia
463 3717 535 3769 rex,
560 3705 716 3773 tamquam
738 3692 902 3764 transfupu,
926 3705 1064 3761 magnus
1094 3749 1096 3753 ¹

51 3805 140 3878 Bene,
161 3801 219 3862 sed
238 3800 420 3879 legendum:
451 3791 613 3877 δρόστης
641 3792 680 3851 cf.
708 3789 848 3868 Hesych.
874 3808 904 3865 p.
936 3783 1025 3843 1031.
1055 3775 1179 3860 δρόσται

50 3904 200 3982 (δρᾶσται),
224 3892 449 3982 ripune'rcr31d.
473 3919 503 3977 p.
528 3895 619 3956 1033.
649 3893 788 3974 δρησται,
818 3876 968 3966 δραπέται.
1011 3885 1180 3942 Praeterea

53 4008 159 4084 corrige
182 3998 370 4079 όποστος,
392 4011 423 4061 et
444 4000 629 4081 μητρῷον.

541 4167 611 4224 Lrs.
635 4163 675 4222 V.

57 4305 143 4372 tlt.
166 4328 213 4386 sq.
233 4295 269 4364 δν
287 4295 370 4374 κόνις
398 4289 535 4379 ἆλλοτρίη
559 4285 669 4371 κρύψει
692 4280 798 4364 νίκαν,
821 4276 900 4346 ἄλλ’
924 4276 1099 4363 όνεμείης

48 4485 50 4488 Ι
236 4396 346 4474 όίνθεος
365 4388 472 4477 οὔνομ’
497 4396 613 4474 ἔχουσα.
1029 4424 1031 4427 -

49 4502 180 4582 Μοηιτιτε
202 4508 359 4585 Trajanus
383 4511 431 4563 est
453 4500 627 4567 Selinunte,
652 4493 728 4553 urbe
752 4491 896 4562 Ciliciae,
925 4488 1012 4564 cujus
1034 4504 1145 4543 nomen
1167 4504 1185 4541 a

49 4585 50 4610 ί
105 4627 239 4680 struve,
263 4622 378 4667 opusc.
402 4620 469 4662 sur..
491 4618 513 4657 1.
958 4586 977 4647 8

51 4763 54 4848 l

52 4857 54 4900 r
