2884 5184
236 397 297 459 τοο
621 399 822 451 enicurt
845 398 988 447 vania.

567 578 598 637 5.
643 570 861 637 ORACULA
882 568 1040 634 VARIA.

237 704 396 761 Ραιιτοιιιατ
415 698 449 771 3,
471 694 507 770 8,
530 696 560 753 5.

405 789 521 877 codro
542 785 600 875 ὄλ,
618 788 761 875 latmo,
783 795 889 874 namo
907 788 1090 874 νενᾶίννιοο
1106 792 1217 871 ἐοῦσα,

403 888 445 975 μὴ
466 897 557 959 σέθεν
577 889 734 979 άρτίττοδος
755 893 897 980 βλάστῃ
918 886 999 973 χωλὴ
1017 895 1167 974 βασιλεία·

405 992 500 1082 δηρόν
519 988 579 1080 γάρ
600 991 736 1077 μόχθοι
755 1015 786 1058 σε
809 992 1044 1076 κατασχήσουσιν
1064 989 1208 1076 άελτττοι,

404 1093 695 1181 φθερσιβρότου
716 1090 743 1160 τ’
761 1097 811 1160 ἔπι
825 1102 905 1177 κῦμα
927 1091 1212 1175 κυλινδόμενον
1236 1098 1383 1176 πολέμοιο.

241 1204 411 1265 Occurrcre
439 1205 499 1262 hoc
525 1203 681 1264 oraculum
707 1203 756 1262 bis
784 1201 867 1281 apud
885 1202 1083 1261 Plutarchum
1109 1202 1308 1282 interpretes
1325 1203 1383 1279 jam

242 1304 540 1380 animadverterunt,
562 1305 633 1363 hinc
653 1295 768 1384 βλάστχ
789 1323 844 1382 pro
867 1295 973 1385 βλάψῃΙ
993 1304 1098 1381 recepi
1119 1311 1151 1361 et
1166 1292 1386 1378 κυλινδόμενον

243 1428 299 1489 pro
322 1400 522 1481 κυκοιομίνου.
567 1403 631 1465 Sed
651 1414 752 1464 utrum
774 1407 893 1480 νοῦσοι,
922 1424 961 1462 an
983 1394 1108 1480 μόχθοι,
1129 1415 1238 1464 utrum
1263 1408 1382 1483 φθερσι-

243 1499 352 1586 βρότου
379 1526 419 1565 an
438 1496 639 1583 φθισιβρότου
658 1508 796 1584 legatur,
824 1506 868 1565 nil
890 1507 1029 1566 interest.
1073 1506 1111 1564 In
1136 1506 1300 1583 ejusmodi
1324 1526 1381 1563 ora·

245 1609 322 1670 culis
341 1607 436 1679 enim,
467 1624 547 1683 quae
571 1606 751 1688 plerumque
773 1609 937 1688 scriptores
957 1608 1130 1667 memoriter
1152 1610 1274 1681 citant,
1297 1629 1380 1688 quae-

246 1730 306 1791 que
330 1708 363 1767 in
386 1706 549 1767 multorum
576 1705 729 1767 hominum
758 1729 811 1769 ore
840 1711 937 1769 fuisse
969 1710 1130 1783 videntur,
1167 1732 1268 1791 quam
1300 1709 1381 1768 facile

246 1809 343 1868 verba
366 1805 481 1866 variari
508 1804 679 1882 potuerint,
708 1809 801 1869 facile
824 1820 962 1892 apparet.
1009 1809 1042 1868 Si
1066 1812 1260 1871 Plutarchus
1287 1815 1381 1887 φθισι·

247 1902 371 1989 βρότον,
391 1904 564 1965 Pausanias
586 1921 661 1960 varo
676 1904 894 1990 φθερσιβρότου
908 1912 1044 1991 scripsit,
1063 1913 1150 1986 hinc,
1171 1935 1245 1973 cum
1259 1923 1381 1991 utraque

248 2011 346 2069 forma
365 2004 488 2066 Graeca
511 2004 565 2074 sit,
595 2002 640 2060 nil
662 2002 745 2060 aliud
771 2011 910 2071 concludi
927 2023 1044 2093 potest,
1073 2035 1165 2094 quam
1178 2018 1281 2074 ¹vario
1303 2014 1380 2074 modo

248 2113 307 2170 hoc
330 2107 488 2188 epitheton
508 2105 602 2182 vulgo
624 2104 778 2184 prolatum
797 2107 908 2186 fnisse,
931 2114 1005 2195 quid
1022 2136 1096 2175 vero
1111 2118 1214 2195 ipsum
1230 2116 1381 2174 oraculum

250 2209 425 2292 protulerit,
459 2226 561 2288 neque
590 2206 717 2278 scimus,
754 2225 856 2284 neque
883 2230 1067 2295 magnopere
1096 2218 1175 2276 seire
1202 2218 1379 2296 expetimus.

252 2311 316 2372 Sed
335 2310 491 2388 vulgatam
514 2305 734 2388 φθερσίβροτον
756 2326 810 2365 seu
831 2306 1027 2386 φθισίβροισσ
1040 2318 1217 2377 mutandam
1233 2319 1379 2387 duximus,

253 2411 389 2474 secundo
411 2432 486 2471 casu
506 2410 654 2490 reposito.

254 2516 334 2573 Idem
357 2510 391 2585 8,
414 2510 444 2584 9,
466 2508 495 2569 2.

407 2603 494 2671 ’Ἐστι
515 2608 548 2671 at
569 2608 729 2687 Μαιναλίη
750 2605 949 2686 δυςχείμερος,
971 2605 1048 2668 ἔνθα
1069 2630 1098 2669 τε
1119 2615 1213 2671 κεῖται

417 2700 542 2789 Ἀρκάς,
566 2699 621 2788 σάφ’
645 2697 682 2770 οὗ
705 2699 743 2788 δὴ
764 2700 872 2779 πάντες
893 2705 1046 2787 ἐπίκλησιν
1063 2708 1226 2772 καλέονται.

420 2808 516 2872 ἔνθα
535 2801 566 2871 α’
589 2802 646 2891 ἐμά
668 2808 790 2886 κέλομαι
811 2809 931 2887 στείχειν
953 2807 1005 2869 καὶ
1026 2802 1185 2889 εὔφρονι
1206 2817 1299 2894 θυμῷ

418 2902 540 2992 Ἀρκάδ’
566 2904 812 2994 δειμαμένους
833 2906 973 2991 κατάγειν
994 2909 1029 2984 ἐς
1051 2905 1126 2973 άστυ
1147 2906 1290 2991 ἐραννὸν,

423 3001 460 3074 οὗ
477 3013 592 3094 τρίοδος
614 3012 665 3073 καλ
682 3007 837 3095 τετράοδος
857 3012 909 3074 καλ
929 3011 1179 3091 πεντακέλευθος,

425 3113 521 3175 ἔνθα
541 3136 576 3175 τε
597 3105 639 3194 δὴ
661 3108 778 3195 τέμενός
798 3136 828 3175 τε
851 3107 969 3192 θυηλάς
990 3104 1016 3174 τ’
1037 3106 1163 3195 Ἀρκάδι
1182 3108 1304 3193 τεύχειν.

257 3218 391 3275 Leviora
412 3225 482 3275 sunt
504 3225 535 3276 et
556 3218 649 3277 facile
667 3219 705 3277 ab
731 3219 807 3291 alio,
827 3238 917 3299 quam
938 3218 1049 3291 Facio,
1079 3226 1233 3288 correcta,
1264 3212 1314 3274 καλ
1333 3206 1380 3271 ἕδ-

259 3335 378 3391 φρονι
399 3316 491 3395 θυμῷ
513 3314 675 3396 στερηθείς
698 3309 783 3377 άστυ.
819 3320 934 3378 Verum
950 3311 1141 3391 consideres,
1163 3338 1297 3399 quaeso,
1318 3313 1380 3374 ἔνθα

258 3431 290 3474 σε
310 3406 367 3492 ἐγὼ
384 3410 505 3492 κέλομαι
527 3405 718 3495 ἀειραμένους
740 3412 879 3498 κατάγειν
896 3440 951 3498 pro
972 3408 1162 3496 istoicorum
1183 3440 1269 3492 nam,
1292 3417 1380 3478 uthoc

259 3511 292 3575 σὲ
311 3516 488 3591 collective,
512 3517 593 3600 quod
612 3519 714 3596 ajunt,
738 3523 858 3602 capias,
879 3521 1109 3602 pronominibus
1128 3529 1231 3579 tamen
1249 3535 1377 3600 persona·

259 3618 354 3692 libus,
384 3627 531 3698 quantum
553 3619 662 3693 sciam,
692 3621 774 3682 idem
796 3644 941 3683 numerus
963 3624 1029 3682 sive
1051 3622 1182 3701 pluralis
1205 3622 1271 3680 sive
1293 3620 1378 3694 singu-

259 3722 334 3781 laris
355 3720 548 3801 adaptandus
572 3730 627 3781 est.
669 3722 810 3783 Tandem
831 3745 905 3784 vero
929 3746 996 3784 cum
1011 3725 1070 3783 hoc
1085 3720 1164 3782 ἔνθα
1178 3738 1210 3781 σε
1229 3737 1378 3800 compares,

261 3821 342 3904 quod
363 3831 394 3882 et
414 3823 510 3901 primo
530 3831 561 3882 et
579 3822 684 3881 ultimo
703 3844 796 3905 versu
810 3825 922 3903 legitur
939 3823 1016 3886 ἔνθα
1031 3846 1076 3901 τε,
1098 3825 1151 3885 uhi
1169 3823 1379 3901 conjunctivum

261 3918 291 3983 ri
311 3923 365 3981 vix
389 3933 568 4002 exspectem
592 3923 624 3983 id
645 3933 748 3984 temen
769 3927 841 3985 mihi
854 3927 1052 4006 perspexisse
1067 3926 1191 3999 videor,
1211 3927 1244 3984 in
1259 3922 1377 3984 omnibus

260 4022 356 4083 tribus
378 4024 518 4084 versibus
541 4024 670 4085 eandem
692 4026 856 4086 lectionem
879 4048 948 4087 csse
968 4027 1091 4088 debere.
1127 4027 1200 4087 Jam
1221 4028 1287 4085 sive
1305 4020 1378 4083 suerit

261 4124 326 4184 illic
347 4120 442 4183 ἔνθα
464 4143 514 4200 τε,
535 4135 570 4184 ut
592 4121 622 4185 ri
643 4127 800 4187 abundare
816 4127 952 4201 dicatur,
972 4128 1053 4208 quod
1069 4129 1102 4187 iu
1117 4127 1251 4186 oraculis
1266 4127 1376 4203 aliisque

262 4223 413 4300 ejusmodi
434 4226 524 4303 nugis
547 4227 640 4287 facile
663 4227 775 4300 feram,
797 4229 863 4287 sive
879 4229 962 4309 quod
980 4230 1077 4306 magis
1097 4229 1216 4309 placet,
1238 4218 1377 4292 ἐνθάδε,

263 4343 324 4402 quo
353 4326 475 4402 saepius
499 4334 607 4403 poetas
633 4348 688 4406 pro
712 4324 790 4386 ἔνθα
810 4350 882 4389 usos
904 4330 972 4410 quis
994 4329 1108 4402 nescit,
1136 4330 1275 4403 ultimum
1294 4337 1375 4388 tanen

263 4441 385 4484 versum
408 4426 453 4485 sic
473 4426 684 4505 retingendum
707 4428 815 4488 credo:
