2884 5184
230 459 320 506 XVIII
539 457 623 504 VITA
646 456 724 503 CAR.
748 454 878 502 LUDOV.
903 453 1047 501 STRUVE.

316 628 415 691 Anno
437 624 537 710 hujus
560 623 684 689 saeculi
702 625 824 711 primo,
852 624 1003 689 examine
1029 644 1156 687 summa
1176 643 1250 686 cum
1271 621 1374 686 laude

233 729 270 790 in
292 724 501 790 Christianae
523 725 689 809 absoluto,
709 727 744 789 in
766 725 980 789 Academiam
993 726 1172 810 Georgiam
1182 725 1375 807 Augustam

233 849 268 890 se
289 826 442 909 contulit,
463 836 499 890 ut
521 828 705 912 theologiae
726 836 760 890 et
778 825 976 913 philologiae
998 826 1154 892 studeret.
1196 824 1296 887 Pater
1311 823 1374 887 ali-

232 935 310 1014 quot
346 926 587 1011 professoribus
622 929 851 992 universitatis
885 927 1129 1013 Gottingensis,
1172 924 1374 1009 quibuscum

232 1049 311 1091 usus
333 1027 364 1089 ei
385 1025 462 1090 olim
481 1051 520 1095 ac
541 1029 742 1094 consuetudo
764 1032 1011 1113 intercesserat,
1032 1029 1182 1117 inprimis
1194 1028 1274 1091 Viro
1294 1025 1373 1090 Ola-

232 1128 363 1191 rissimo
384 1125 531 1211 Heynio,
549 1129 653 1192 filium
674 1154 735 1218 per
755 1132 868 1195 literas
891 1132 1193 1211 commendaverat3
1215 1130 1272 1214 qui
1295 1127 1374 1191 doc·

231 1230 335 1309 trina,
359 1227 484 1310 ingenii
505 1229 653 1312 dotibus,
677 1229 827 1294 discendi
849 1232 964 1297 ardore
991 1240 1024 1296 et
1051 1251 1178 1296 morum
1206 1228 1374 1294 suavitate

232 1332 378 1394 virorum
399 1324 529 1387 illorum
550 1332 676 1394 animos
704 1329 799 1395 brevi
828 1333 875 1395 ita
903 1332 968 1396 sibi
990 1330 1196 1411 conciliavit,
1219 1336 1256 1392 ut
1283 1328 1372 1392 ultro

233 1433 269 1493 in
289 1429 419 1492 domum
441 1433 473 1487 et
495 1424 751 1495 familiaritatem
773 1453 847 1495 eum
869 1433 1081 1497 admitterent
1102 1440 1136 1495 et
1157 1432 1246 1494 omni
1270 1430 1372 1494 modo

235 1529 345 1593 studia
363 1525 437 1609 ejus
459 1525 655 1610 adJuvarent
682 1540 780 1616 atque
807 1535 993 1599 incitarent.
1043 1531 1233 1598 Provectior
1260 1538 1372 1594 aetate

235 1629 377 1692 libenter
399 1624 498 1708 hujus
527 1626 622 1707 anni,
651 1651 713 1712 quo
742 1630 920 1719 Gottingae
946 1635 1105 1719 degebat,
1134 1632 1373 1697 recordabatur

236 1738 391 1815 patruus,
421 1735 453 1789 et
482 1732 649 1810 tamquam
681 1728 909 1799 documentum
937 1734 1188 1817 familiaritatis,
1216 1754 1282 1819 qua
1318 1731 1371 1797 Ol.

182 1856 195 1877 ο
234 1829 386 1913 Heynillfl
416 1826 525 1911 ipsum
556 1824 711 1908 dignatus
742 1842 844 1912 essct,
867 1857 1000 1900 narrare
1034 1835 1160 1901 solebat
1165 1884 1175 1919 7
1199 1836 1309 1899 virum
1332 1834 1371 1899 il.

235 1930 317 2010 lum,
340 1926 397 2013 qui
419 1946 498 2011 prae
525 1923 600 1987 aliis
623 1922 819 2008 elegantiam
844 1936 1007 2014 quandam
1036 1947 1206 2002 externam
1235 1957 1256 1999 a
1279 1937 1370 2020 juni.

236 2030 348 2095 oribus
369 2027 538 2091 observari
560 2022 708 2107 volebat,
732 2023 809 2088 dum
831 2038 930 2094 ceteri
947 2037 1087 2117 juvenes
1110 2060 1184 2103 eum
1206 2059 1271 2101 non
1294 2060 1371 2103 con-

236 2130 403 2212 venirent,
426 2127 491 2190 nisi
511 2126 641 2191 braccis
663 2124 822 2190 brevibus
856 2135 889 2191 et
913 2128 1080 2205 tibialibus
1108 2141 1222 2205 sericis
1249 2140 1370 2220 induti,

236 2231 301 2316 ipsi
322 2229 483 2314 cujusque
505 2229 607 2292 vestis
628 2248 724 2290 usum
749 2226 893 2311 benigne
920 2231 1115 2313 permisisse,
1153 2241 1370 2307 Lectifflibus

235 2331 335 2416 hujus
357 2331 421 2395 viri
443 2327 645 2414 aliorumque
673 2330 820 2394 virorum
848 2327 1034 2409 doctorum,
1063 2336 1119 2415 qui
1144 2348 1212 2402 tum
1239 2341 1369 2407 Gottjn.

235 2454 297 2517 gae
318 2430 493 2513 florebant,
517 2430 648 2493 assidue
671 2430 837 2512 interfuit,
855 2431 1012 2514 majorem
1029 2450 1106 2493 vero
1127 2439 1279 2516 temporis
1296 2464 1369 2525 par.

235 2541 301 2594 tem
323 2530 441 2595 studiis
462 2532 601 2615 privatis
623 2531 769 2594 navavit.
816 2530 957 2594 Multum
976 2530 1011 2592 in
1041 2528 1093 2592 his
1121 2529 1152 2591 ei
1179 2532 1301 2616 profuit
1320 2540 1370 2603 hi-

235 2630 419 2695 bliothecae
437 2632 578 2694 eximiae
600 2653 698 2712 usus,
721 2634 817 2715 cujus
837 2632 1000 2696 thesauris
1021 2638 1059 2692 ut
1074 2629 1177 2694 libere
1198 2632 1371 2716 frueretur,

236 2731 360 2817 Heynii
382 2752 511 2816 quoque
530 2731 724 2795 humanitati
748 2731 876 2815 debuit,
899 2753 1004 2818 neque
1025 2732 1112 2795 enim
1133 2734 1230 2796 certis
1243 2741 1373 2796 tanturn

238 2834 364 2897 dierum
390 2832 496 2914 horis,
519 2855 625 2919 neque
646 2834 681 2896 in
701 2832 771 2897 sola
792 2832 1008 2914 bibliotheca,
1029 2830 1089 2895 sed
1109 2834 1373 2918 omnitempore,

236 2932 338 2998 libros
361 2935 524 3019 inspicere
555 2936 586 2998 ei
608 2935 744 3018 licebat,
776 2945 809 2999 et
836 2943 873 2998 ut
901 2934 1032 2999 domum
1060 2954 1188 3022 quoque
1218 2932 1372 3015 auferret,

123 3040 125 3045 '
237 3034 445 3120 impetrabat,
458 3035 545 3099 unde
566 3036 706 3121 majores
731 3036 856 3103 fructus
873 3036 1096 3119 redundarent
1116 3036 1220 3117 otiose
1240 3032 1371 3117 legenti.

235 3135 361 3198 Eodem
391 3155 476 3196 anno
503 3135 546 3198 ab
578 3134 780 3221 amplissimo
810 3137 1077 3224 philosophorum
1110 3135 1225 3202 ordine
1244 3135 1374 3200 civibus

235 3239 434 3301 Academiae
456 3237 624 3320 proposita
646 3245 716 3299 crat
736 3259 810 3300 oum
830 3241 974 3323 praemio
991 3242 1141 3326 quaestio
1161 3238 1202 3301 de
1212 3236 1375 3302 Doctrina
1430 3306 1431 3327 ἦ

236 3339 436 3403 Graecorum
461 3356 500 3398 ac
522 3334 742 3401 Romanorum
771 3339 1037 3425 philosophorum
1066 3340 1106 3405 de
1134 3347 1222 3404 statu
1250 3339 1374 3401 anima·

235 3460 307 3502 rum
328 3447 404 3524 post
425 3445 571 3500 mortem.
618 3436 755 3521 Struve,
778 3461 974 3526 quamquam
997 3434 1136 3506 vixdum
1156 3440 1273 3525 pedem
1293 3439 1373 3505 fixe-

234 3549 287 3603 rat
304 3540 339 3602 in
360 3539 530 3605 Musarum
553 3537 646 3620 sede,
669 3548 702 3602 et
723 3563 830 3605 rerum
853 3546 983 3608 novitas
1003 3553 1197 3629 gratumque
1216 3541 1373 3606 commili-

233 3649 347 3704 tonum
368 3640 617 3706 contubernium
646 3643 790 3706 animum
816 3645 887 3730 ejus
915 3645 1089 3726 tenebant,
1118 3652 1244 3726 tamen,
1272 3666 1375 3729 quum

232 3745 391 3828 proximis
413 3745 508 3807 annis
530 3741 742 3830 philosophos
763 3744 908 3811 Graecos
929 3757 962 3811 et
981 3747 1145 3811 Romanos
1167 3743 1306 3808 multum
1328 3745 1373 3808 le-

150 3884 154 3890 ·
233 3845 351 3927 gisset,
373 3844 417 3909 ad
438 3844 683 3929 suscipiendum
704 3847 766 3910 hoc
789 3869 871 3932 opus
894 3869 928 3911 se
951 3850 1112 3929 accinxit,
1141 3856 1175 3909 et
1196 3868 1231 3909 re
1253 3846 1390 3922 acriter
1427 3860 1428 3893 l

232 3944 268 4008 in
284 3945 449 4029 judicium
476 3951 609 4025 vocata,
639 3946 839 4031 studiisque,
869 3949 989 4033 quibus
1019 3947 1205 4034 oportebat,
1236 3946 1372 4011 assiduo

231 4041 343 4108 labore
366 4040 541 4120 absolutis,
571 4042 835 4111 dissertationem
866 4051 926 4112 172
946 4051 1140 4135 paginarum
1162 4048 1370 4131 conscripsit,

232 4163 316 4226 quae
339 4141 392 4202 die
414 4145 444 4201 4.
469 4140 564 4207 Junii
586 4162 616 4204 a.
649 4147 740 4208 1802.
763 4148 907 4232 praemio
928 4170 1028 4212 aureo
1050 4148 1151 4232 digna
1172 4155 1222 4210 est
1244 4146 1369 4211 habita
1425 4204 1426 4269 ,

232 4240 448 4324 Scriptionem
469 4239 555 4303 hanc
580 4252 709 4327 postea,
741 4249 776 4309 in
796 4247 980 4311 Holsatiarn
1004 4270 1175 4331 reversus,
1196 4256 1371 4333 postquam

231 4337 338 4400 denuo
357 4338 586 4421 perlustravit,
608 4345 697 4427 typis
720 4347 947 4412 excudendam
969 4351 1099 4413 curavit
1120 4349 1272 4417 Altonae.

315 4439 448 4502 Annum
470 4441 649 4523 Gottingae
676 4456 908 4528 commoratus,
939 4448 1059 4512 Struve
1085 4449 1240 4515 Altonam
1268 4450 1367 4515 rediit
1423 4466 1424 4535 l
