2884 5184
246 409 285 469 18
572 414 756 477 Qnsuuns
779 412 1044 462 suessanus.

243 589 448 670 άναστοναχέω
469 611 508 649 ex
524 588 668 670 Orphiais
689 589 764 648 citat
781 586 953 648 Schneider
974 589 1007 647 in
1027 588 1123 663 Lex.;
1148 586 1254 647 eadem
1277 587 1384 646 forma

244 694 337 773 paulo
360 701 432 752 ante
453 713 526 752 usus
549 702 614 752 erat
631 690 765 768 Quintus
785 710 816 748 v.
829 687 901 749 698.
1058 692 1060 695 ’

371 785 392 872 ἡ
414 784 443 852 δ’
467 783 517 872 ἄρ’
542 790 586 853 aa
605 789 763 875 μέσσῃσιν,
784 789 824 871 ἑῷ
844 788 911 871 περὶ
932 788 1017 850 παιδλ
1038 792 1165 868 γυθεῖσα

370 884 486 975 μακρὸν
505 882 780 970 άνεστονάχησε
799 886 980 964 πολύστονος
997 881 1171 973 Ἠριγένεια.

243 1009 277 1059 nt
302 999 439 1071 nescias,
470 1017 572 1056 annon
593 1004 724 1075 utroque
748 997 816 1055 loco
836 995 889 1055 vel
918 983 1183 1072 άνεστονάγιζε
1209 995 1260 1053 vel
1292 983 1388 1054 άνε-

243 1092 452 1178 στονάχησε
472 1096 702 1157 rescribendum
724 1099 774 1157 sit.

735 1266 807 1325 L1n.
827 1265 886 1324 ΠΙ.

243 1423 273 1461 v.
295 1399 346 1462 69.
375 1399 424 1473 Τίς
444 1393 483 1461 νά
503 1421 553 1479 μοι
572 1389 661 1460 αίνὸν
681 1390 784 1462 ὀϊστὸν
803 1394 977 1478 ἐπιπροέηκε
995 1391 1167 1476 κρυφηδάνς

369 1493 463 1580 τλήτω
484 1520 539 1578 μευ
560 1499 788 1578 κατέναντα,
811 1496 925 1572 καλεῖς
945 1489 1123 1575 άναφανδόν
1142 1496 1300 1559 ἱκέσθω.

243 1607 329 1683 Lege
351 1602 523 1676 ἱκέσθαι,
544 1603 626 1683 quod
647 1626 716 1665 enm
735 1600 899 1663 κατέναντα
909 1602 1101 1679 jungendum
1119 1611 1176 1662 est.
1208 1601 1260 1660 Sic
1277 1603 1387 1661 statim

243 1729 274 1765 v.
298 1707 348 1766 77.
371 1708 413 1787 τῷ
433 1724 487 1781 μευ
508 1701 570 1762 ἴτω
589 1703 814 1765 κατέναντα.

243 1807 418 1866 Secundum
446 1825 549 1865 casum
572 1826 635 1864 vox
663 1803 827 1867 κατέναντα
846 1807 940 1867 habet
960 1806 1011 1865 hie
1029 1814 1060 1864 et
1083 1805 1118 1877 1,
1140 1801 1213 1862 552.
1246 1802 1283 1876 3,
1310 1804 1384 1864 444.

242 1905 279 1980 8,
303 1905 390 1981 268,
412 1907 535 1967 tertium
555 1906 591 1979 4,
613 1905 685 1968 286.
706 1941 749 1952 -—
770 1930 800 1968 v.
823 1906 874 1968 81.
897 1908 1091 1968 scribendum
1114 1915 1175 1966 est:
1281 1945 1284 1949 «

369 2007 469 2068 κείνου
489 1998 564 2066 ὑπαὶ
584 2004 731 2087 βελέεσσιν
750 2000 910 2090 ὀϊζυρῶς
930 1997 1097 2069 άπολέσθαι

241 2131 297 2189 pru
315 2110 399 2188 vulg.
422 2097 562 2187 άῑζυοοῖς,
585 2110 654 2170 coll.
678 2111 715 2185 6,
740 2109 811 2170 399.
834 2109 868 2186 9,
893 2109 942 2169 21.
967 2145 1009 2154 -
1030 2133 1061 2170 v.
1075 2108 1145 2169 124.

369 2200 464 2271 άλλά
484 2207 512 2286 έ,
532 2200 571 2283 ὦς
592 2204 717 2289 ζοάοντα,
740 2209 832 2273 νέκυν
852 2210 1108 2293 περιπεφρίκασιν.

240 2313 353 2373 Hiatus
381 2314 413 2372 in
433 2313 494 2373 fine
517 2314 606 2393 primi
625 2315 714 2394 pedis
733 2314 861 2374 tolerari
877 2315 1002 2394 nequit,
1032 2333 1103 2372 nam
1126 2332 1206 2392 qnae
1227 2310 1387 2390 ejusmodi

242 2416 384 2494 exempla
394 2436 433 2474 ex
441 2413 556 2492 Quinto
565 2415 667 2474 afferri
680 2426 817 2495 possunt,
831 2436 869 2475 ea
878 2416 930 2475 vel
944 2424 1086 2494 corrupta
1096 2423 1176 2487 sunt,
1188 2423 1221 2473 ut
1236 2412 1284 2485 11,
1303 2411 1385 2472 365:

369 2517 468 2574 τοῖαι
483 2505 624 2595 Ἀργείων
644 2513 866 2593 πεπυκασμένοι
888 2507 966 2596 άμφλ
987 2517 1096 2597 βοείαις

368 2606 551 2696 καρτάναντο
572 2609 738 2695 φάλαγγες,

239 2718 292 2777 ubi
313 2715 435 2796 syllaba
457 2717 495 2776 ob
517 2717 746 2780 similitudinem
765 2719 850 2778 vocis
870 2721 1028 2800 sequentis
1043 2718 1174 2797 fugitiva
1188 2718 1386 2778 restituenda

242 2828 301 2878 est:
325 2820 428 2878 τοῖαι
449 2808 506 2898 άρ’
527 2807 668 2899 Ἀργείων
689 2841 716 2881 κ.
741 2841 764 2881 τ.
788 2822 831 2896 1.,
855 2822 936 2901 quod
957 2843 975 2880 a
991 2819 1154 2901 Spitznero
1171 2840 1296 2900 quoque
1316 2820 1387 2897 jam

239 2930 377 3003 notatum
400 2930 447 2980 est
468 2922 565 2981 Mant.
587 2945 618 3003 p.
641 2920 733 2997 269,
763 2923 816 3004 qui
840 2944 903 2983 non
923 2925 1022 2984 minus
1045 2924 1136 2983 alium
1159 2922 1261 2981 laeum
1281 2920 1319 2992 6,
1342 2920 1385 2979 35
1431 2926 1432 2980 3

239 3023 319 3082 bene
349 3024 486 3099 sanavit3
510 3059 552 3068 -
574 3024 626 3084 vel
649 3026 742 3084 aliam
764 3027 995 3086 exeusationem
1017 3025 1147 3097 habent,
1175 3031 1210 3082 ut
1231 3023 1266 3097 4,
1302 3020 1383 3081 185:

366 3126 426 3182 τῶν
446 3120 532 3201 πέρι
552 3122 632 3184 οἵδε
653 3114 795 3203 άνέσταν,
817 3118 981 3204 ἕελδάμενοι
1003 3121 1080 3203 μέγα
1101 3124 1203 3202 νίκης,
1294 3202 1297 3207 ⁴

238 3224 291 3284 ubi
312 3223 509 3283 Hermannus
533 3224 642 3304 (Orph.
667 3247 697 3304 p.
721 3226 795 3305 744)
819 3228 972 3308 duplicem
992 3229 1108 3287 hiatum
1129 3228 1281 3286 vitaturus
1307 3226 1383 3284 scri-

239 3326 316 3403 psit:
341 3325 400 3383 vaiv
422 3321 505 3403 πέρι
527 3324 629 3385 τοίὸε
650 3314 680 3404 γ’
705 3313 841 3388 άνέσταν.
888 3328 953 3391 Sed
977 3331 1049 3390 fuit:
1073 3330 1133 3388 τῶν
1152 3325 1240 3409 πέρι
1264 3325 1304 3386 οἱ
1324 3317 1384 3385 δύ’

239 3414 381 3498 άνέσταν,
411 3424 450 3484 ef.
468 3446 498 3485 v.
522 3425 593 3485 215.
623 3423 673 3484 29.
699 3427 752 3488 ubi
776 3420 855 3489 άλλω
883 3424 946 3492 δάω
976 3434 1055 3509 φῶτε
1083 3430 1206 3508 legitur.
1251 3429 1384 3487 Hiutnm
1430 3446 1431 3511 γ

239 3548 313 3586 vern
332 3535 402 3607 post
420 3523 488 3607 περὶ
504 3527 664 3588 ferendum
679 3528 773 3607 du003
798 3553 889 3612 quem
905 3534 932 3593 si
945 3532 1144 3614 pertinaciter
1160 3529 1384 3590 eliminandum

239 3629 384 3703 duxeris,
408 3630 522 3690 scribe:
551 3631 612 3689 τῶν
631 3628 717 3710 πέρι
737 3630 838 3694 δοιοί
860 3622 989 3695 άυίσταν
1009 3654 1036 3693 κ.
1060 3654 1084 3691 τ.
1104 3634 1129 3691 λ.
1163 3632 1250 3691 Bene
1272 3633 1383 3711 itaque
1429 3658 1430 3685 l

236 3732 432 3791 Hermannus
455 3730 550 3812 Orph.
570 3754 600 3813 p.
623 3731 694 3792 743.
716 3720 794 3792 άλλά
815 3733 861 3812 ol,
882 3725 921 3807 ὡς
937 3727 1048 3807 ζάοντα
1063 3755 1091 3793 κ.
1107 3754 1130 3792 τ.
1148 3737 1173 3796 λ.
1208 3733 1384 3792 Praeterea

236 3835 364 3894 verbum
395 3830 574 3913 περιφράττω
607 3833 691 3894 dubii
724 3845 813 3908 nota,
849 3857 910 3917 qua
944 3837 1121 3914 insignitum
1151 3834 1265 3911 legitur
1297 3834 1384 3913 apud

238 3934 459 3995 Schneiderum
480 3935 512 3990 in
526 3935 659 4008 Lexieo,
680 3937 830 3999 liberatur
850 3938 910 3997 hoe
928 3937 997 3997 loeo
1012 3936 1136 4014 Quinti,
1160 3937 1209 3996 eui
1223 3946 1270 3995 tet
1285 3938 1384 3996 etiam

237 4032 299 4091 alia
322 4035 489 4112 composita
513 4056 581 4096 eum
603 4025 681 4114 άμφλ
702 4046 734 4096 et
750 4033 818 4116 περί
839 4037 998 4098 debemus.
1021 4073 1063 4082 -
1086 4060 1117 4097 v.
1138 4036 1210 4096 591.

679 4130 1000 4218 περιστενάγοντο
1022 4136 1055 4198 δέ
1074 4128 1186 4218 λυγρὸν

366 4221 456 4310 κήτεα
476 4235 687 4322 μυρομένῃσιν.

238 4328 444 4411 Compositam
465 4337 545 4396 hane
567 4340 712 4414 formam,
743 4342 890 4418 gutturali
910 4342 1001 4401 litera
1023 4341 1198 4418 insignitam
1206 4384 1222 4412 ,.
1237 4339 1383 4399 omittunt
1426 4357 1428 4467 γ

238 4428 354 4502 leniae,
383 4452 465 4509 quae
492 4444 596 4496 tamen
626 4441 757 4517 simplex
784 4435 912 4518 στενάχω
932 4464 995 4501 non
1016 4442 1116 4500 minus
1140 4461 1230 4521 quam
1252 4433 1385 4511 στενάζω
