2884 5184
277 452 338 515 132
619 458 881 506 FRAGMENTA
906 457 1075 507 oannes

275 636 468 698 scribendum
500 634 559 693 sibi
589 632 689 693 videri
721 634 765 692 ait
794 621 861 692 ἄττ’.
904 633 1021 692 Verum
1048 631 1129 691 unde
1149 632 1208 691 hoc
1239 627 1274 689 ἐν
1303 630 1402 690 habeat

275 740 508 809 Buuemannus‚
528 737 643 795 nescio.
686 734 767 793 Nam
786 732 983 793 editionesB
1017 742 1049 793 et
1078 731 1311 812 Oparticulam
1330 752 1402 809 pror·

277 860 328 899 sus
347 840 503 912 omittunt3
534 836 564 895 Α
590 855 666 894 vero
702 833 799 893 habet
836 825 958 909 ἄναξεν,
992 843 1024 894 et
1049 836 1080 894 D
1113 829 1260 907 ἄνασσεν,
1291 852 1402 911 quorun

276 941 455 1001 alterutrum
477 939 544 997 sine
567 936 658 996 dubio
679 931 787 995 veruna
814 944 878 1011 est3
907 944 1000 1016 atque
1028 928 1136 1009 ἄναξεν
1160 933 1324 994 confirmat
1348 933 1402 991 cod.

276 1041 394 1121 ΒΨ)
415 1043 527 1118 inquo
548 1045 630 1096 totus
651 1035 738 1096 locus
764 1038 809 1096 sic
837 1038 969 1116 scriptus
999 1045 1060 1097 est:
1092 1037 1212 1115 (vorum
1241 1055 1306 1094 una
1335 1034 1402 1094 linea

277 1145 310 1202 in
331 1162 444 1203 summo
468 1138 605 1216 margine
629 1136 694 1215 legi
714 1157 777 1198 non
799 1139 913 1217 potuit,
944 1158 1025 1218 aqua
1048 1138 1128 1197 'olim
1153 1136 1314 1216 corrupto)
1341 1136 1402 1214 sspo

277 1239 578 1312 ticllocneusuaiea
606 1281 764 1298 ......
797 1239 1273 1321 kponoyueapauckaekponoy
1300 1239 1402 1298 tenetai

276 1343 730 1426 tocanagnepaceypioilazeic.
749 1342 779 1401 h.
801 1361 829 1400 ο.

441 1460 602 1526 πρατιστος
622 1464 676 1522 μεν
701 1444 810 1516 αναξεν
831 1482 1058 1501 ........
1081 1440 1190 1519 Κρον.
1217 1440 1362 1520 ..δρον,

443 1567 476 1607 ειι
499 1546 531 1607 δε
552 1548 671 1625 Κρονον
690 1563 772 1623 μενον
791 1565 880 1616 ουτος
900 1543 976 1615 αναξ
992 1561 1082 1621 μερας
1101 1561 1236 1621 avocone
1258 1543 1332 1619 ζευς,

278 1647 331 1708 ubi
357 1649 390 1707 in
414 1650 511 1728 primo
539 1667 632 1707 versu
655 1646 732 1705 mira
760 1645 939 1725 depravatio
969 1653 1016 1704 est
1040 1644 1073 1702 in
1098 1644 1202 1703 verbis
1225 1634 1341 1724 Κρόνος
1359 1636 1398 1703 ἆν-

278 1748 368 1828 dcciv,
381 1768 473 1828 quam
494 1747 641 1827 expedire
659 1766 791 1826 nequeo,
804 1753 965 1805 contentus
981 1754 1105 1823 apertos
1126 1746 1289 1804 literarum
1311 1746 1398 1805 ductus

254 1868 408 1934 ¹upouoy
429 1868 557 1928 ueapun
585 1856 847 1927 repraesentasse.
891 1847 928 1905 In
953 1846 1087 1906 secundo
1120 1867 1214 1906 versu
1244 1857 1294 1906 ter
1325 1855 1396 1926 {pro

278 1950 468 2028 discriptum
493 1956 553 2022 est,
583 1956 746 2027 praeterea
770 1969 788 2027 ρ
813 1968 868 2027 pro
895 1968 914 2026 μ
941 1957 986 2021 et,
1015 1947 1099 2028 quod
1124 1948 1309 2028 plerumque
1331 1950 1397 2019 fit‚t

278 2071 334 2130 pro
356 2072 384 2130 μ.

371 2165 375 2172 ’
651 2148 723 2209 Lrs.
745 2148 771 2206 I.
793 2165 864 2206 oss.
889 2144 939 2206 21.
963 2146 994 2223 β.
1015 2149 1044 2207 7.

365 2271 464 2341 ,θυοδ
484 2286 522 2326 coc
544 2283 677 2343 responso
696 2269 816 2340 quodum
833 2267 1006 2340 factitamus,-
1032 2268 1125 2326 Varro
1143 2278 1245 2325 auctor
1266 2277 1312 2335 est
1333 2272 1395 2341 cujus

186 2425 191 2434 .
280 2375 409 2446 responsi
426 2372 535 2428 νίίίιννο
555 2384 653 2426 oum
672 2376 713 2424 τοι
733 2371 809 2424 talis:

445 2465 495 2528 ιιαί
514 2455 647 2544 κεφαλὰς
667 2466 799 2548 Κρονίδῃ
819 2463 870 2525 καί
891 2467 932 2548 τῷ
953 2465 1041 2547 πατρί
1062 2464 1186 2544 πέμπετε
1208 2470 1323 2545 maiust.

279 2569 365 2630 Editi
391 2569 468 2627 nihil
493 2566 687 2645 variant**);
715 2588 823 2627 verum
852 2566 933 2647 apud
966 2567 1043 2627 alios
1073 2576 1231 2643 auctores,
1266 2573 1315 2653 qui
1331 2571 1389 2628 huno

279 2689 401 2729 versum
422 2668 565 2742 laudant,
587 2669 793 2728 memorabilis
817 2678 863 2728 est
892 2669 1032 2728 lectionis
1053 2670 1200 2729 varietas.
1247 2672 1390 2749 Dionysius

279 2771 439 2854 Halicarn.
455 2770 508 2829 lib.
528 2770 553 2829 Ι.
575 2788 642 2848 cap.
666 2766 717 2828 20.
738 2769 777 2828 Τ.
803 2770 830 2828 l.
852 2790 923 2850 pag.
952 2770 1003 2827 51.
1026 2775 1123 2830 totum
1145 2771 1303 2833 oraculum
1326 2770 1380 2831 uob'

280 2872 429 2931 servavit:

444 2968 563 3049 στείχετε
578 2964 733 3049 μαιόμενοι
755 2972 888 3030 Σικελῶν
909 2970 1078 3052 Σατορνίαν
1098 2964 1172 3032 αἶαν

444 3062 496 3150 ἡδ’
517 3062 724 3152 Ἀβοριμινέων
747 3063 897 3148 Κοτύλην,
919 3058 955 3130 οὗ
977 3075 1067 3144 νᾶσος
1087 3062 1206 3151 ὀχεῖται,

445 3164 489 3242 νίς
511 3160 738 3249 νἰναμιχθίντες,
757 3161 884 3249 δεκάτην
902 3167 1070 3249 ἐκπέμψατε
1093 3173 1207 3257 Φοίβῳ,

446 3267 496 3328 καί
519 3262 651 3347 κεφαλὰς
673 3271 805 3355 Κρονίδῃ
826 3269 877 3330 καί
896 3275 938 3354 τῷ
955 3270 1044 3352 πατρὶ
1062 3272 1186 3351 πέμπετε
1208 3276 1301 3350 φῶτα.

259 3373 264 3382 ‘
279 3367 414 3428 Eosdem
431 3373 538 3431 versus
560 3371 668 3432 eodem
689 3373 778 3432 modo
795 3375 923 3453 scriptos
945 3375 1126 3453 eDionysio
1140 3377 1266 3455 repetiit
1284 3369 1384 3449 stepha

279 3491 336 3530 nus
356 3472 547 3551 Byzantinus
564 3495 589 3533 s.
605 3494 636 3531 v.
649 3463 839 3554 Ἀβοριγῖνες.
890 3473 954 3533 Sed
975 3475 1149 3534 Macrobius
1166 3476 1290 3537 Satura.
1318 3472 1338 3543 ί,

280 3572 332 3650 qui
353 3579 449 3631 totum
473 3574 630 3635 oraculum
658 3576 754 3635 semel
784 3583 815 3635 et
843 3573 980 3635 ultimum
1007 3595 1129 3634 versum
1152 3576 1200 3636 bis
1228 3579 1325 3647 affert,
1345 3588 1369 3648 pr

279 3670 411 3756 Κρονίδῃ
438 3672 515 3752 legit
533 3668 700 3760 udum).
752 3677 834 3736 Hinc
858 3686 949 3736 natae
974 3685 1044 3736 sunt
1068 3697 1199 3756 magnae
1229 3681 1306 3738 inter
1327 3673 1361 3731 vir

279 3772 384 3833 doctos
407 3779 644 3852 controversiae,
661 3798 730 3837 cum
745 3777 799 3836 alii
817 3778 972 3838 Laetantii
990 3777 1044 3836 alii
1064 3778 1215 3838 Macrobii
1237 3779 1349 3857 scriptur

350 3954 377 4021 *)
396 3960 424 4006 et
440 3955 555 4008 Vratisl.

349 4037 393 4105 **)
413 4039 509 4092 Obiter
532 4055 642 4103 moneo,
665 4039 693 4091 in
711 4042 836 4094 versibus
859 4041 1020 4105 ovidianis,
1039 4042 1086 4107 qui
1101 4058 1164 4093 mox
1184 4045 1335 4107 sequuntur,
1348 4021 1377 4078 ubi

279 4136 371 4174 ornnes
390 4122 488 4189 reliqui
506 4124 601 4188 scripti
619 4127 647 4173 et
665 4124 747 4188 editi,
766 4126 943 4177 Bunemanno
961 4130 1045 4189 teste,
1064 4128 1129 4189 jace
1153 4126 1269 4189 habent,
1290 4136 1329 4188 pro
1342 4123 1376 4178 4³⁰

270 4204 332 4265 jaer·
360 4220 394 4255 ex
416 4205 515 4256 Ovidio
543 4218 616 4255 nunc
642 4206 745 4271 editur,
770 4208 890 4259 codicem
915 4209 1161 4274 Regiomontanum
1186 4210 1309 4275 praebere
1322 4199 1369 4265 jad

277 4301 348 4350 quae
365 4287 447 4338 lectio
466 4289 583 4339 forsitan
600 4287 701 4340 indicio
718 4297 773 4354 est,
791 4292 846 4358 legi
863 4293 975 4345 debere:
989 4295 1057 4356 jaci.
1085 4291 1122 4342 Et
1137 4292 1201 4344 iaec
1217 4308 1292 4344 caera
1307 4292 1345 4337 otc·

348 4369 410 4434 ***)
427 4372 538 4421 Erravit
556 4373 717 4437 Opsopaeus
741 4374 801 4425 loco
826 4377 920 4426 statim
943 4375 1096 4438 laudando,
1114 4377 1162 4440 qui
1178 4377 1288 4428 Suidam
1305 4384 1332 4435 qo

278 4448 328 4496 hos
347 4464 442 4499 vorsus
462 4454 557 4502 afferre
575 4458 746 4516 pronunciat.
765 4459 881 4508 Frustra
898 4459 937 4507 ibi
956 4474 1003 4509 cos
1022 4458 1155 4522 quaesivi.
