2884 5184
258 423 299 487 26
524 421 530 430 ’
584 440 768 500 omuuus
792 440 1057 488 suiuusuua.

257 639 287 676 v.
311 615 383 677 333.
405 625 520 676 certam
540 616 579 676 ob
601 635 724 675 eausam
746 636 816 694 pro:

424 707 564 789 ἀζαλέους
583 709 708 795 ἱμάντας
730 715 813 795 ἔχεν
830 713 898 795 περί
919 713 998 797 χερσὶ
1017 720 1109 800 θοῇσι

258 821 361 881 malim
381 815 480 897 ἕλεν,
504 842 606 903 neque
628 820 730 879 obstat
752 840 782 877 v.
806 816 878 879 338.

590 917 658 998 περί
678 915 777 999 χερσίν
796 916 886 997 ἔχων
904 916 976 998 βοδς
993 911 1040 995 ἶφι
1059 911 1200 996 δαμέντος

425 1013 526 1102 ῥινοὺς
547 1011 682 1094 ἆζαλὲας.

258 1112 352 1170 Ιτωοο
373 1109 505 1182 librarii,
525 1129 617 1188 quum
633 1107 705 1166 huia
721 1108 790 1167 loeo
814 1108 947 1188 priorem
964 1108 1093 1167 similem
1116 1128 1184 1166 esse
1207 1106 1322 1166 debere
1338 1127 1381 1164 ex-

258 1215 445 1284 istimarent,
468 1210 545 1269 illud
563 1207 627 1289 ἔχεν
646 1211 689 1270 ibi
710 1210 887 1270 intulerunt.
920 1210 1054 1269 Acamas
1071 1210 1151 1268 enim
1168 1211 1235 1267 lora
1252 1208 1382 1266 munibus

260 1315 384 1394 capit,
404 1333 484 1394 quae
506 1321 615 1392 postea
628 1311 768 1390 Agelaus
788 1314 847 1393 ipsi
869 1300 1040 1391 ἀμφέβαλεν
1056 1303 1228 1394 παλάμῃσιν
1245 1309 1289 1389 (v.
1306 1308 1380 1387 335),

258 1435 365 1474 verum
380 1416 486 1496 Epeus
497 1416 563 1492 jam
579 1410 612 1474 ἐν
626 1403 758 1492 μέσσοισι
773 1445 815 1456 -
829 1405 964 1492 εἱστήκει,
978 1408 1046 1493 ιτερί
1063 1408 1161 1494 χερσίν
1174 1409 1268 1489 ἔχων
1282 1433 1309 1472 κ.
1326 1434 1347 1471 τ.
1360 1414 1383 1469 λ.

259 1553 301 1561 -
323 1539 353 1576 v.
377 1516 449 1576 371.
477 1538 533 1598 pro
554 1510 770 1594 ἑσσαμένων
792 1517 1010 1578 sententiarum
1031 1536 1130 1575 nexus
1152 1513 1262 1574 suadet
1285 1510 1377 1572 ε’σοο-

262 1610 388 1697 μὲνως.
407 1654 449 1663 -
471 1641 502 1678 v.
525 1619 597 1680 396.

634 1712 737 1780 τῶνδ’
755 1709 1243 1799 ἆμφιτετρνμμέναιύμματα
1258 1708 1351 1776 πάντα

426 1808 545 1900 ἠκέσατ’
566 1812 710 1895 ἐνδυκέως
731 1821 933 1903 Ποδαλείριος.

259 1922 335 1995 Ηίο,
355 1924 381 1982 si
399 1944 462 1983 non
484 1924 568 1983 uliud
589 1926 701 1986 vulnus
723 1934 753 1985 et
771 1926 870 2004 ipsum
884 1923 1041 1984 Podalirio
1063 1932 1184 2002 egeret,
1208 1923 1378 2002 comparatis

260 2026 313 2097 iis,
344 2045 423 2105 quae
453 2024 534 2086 diota
556 2035 626 2086 sunt
647 2026 687 2086 ad
712 2028 745 2101 l,
772 2025 862 2100 63⁷„
889 2028 1010 2105 legeres
1032 2014 1378 2104 ἆμφιτεδρνμμὲνα,

260 2127 326 2186 sive
348 2128 461 2200 mavis,
485 2114 844 2206 ἆμφιδεδρομμένα,
865 2138 899 2188 ut
918 2130 953 2202 4,
977 2127 1054 2187 540:

426 2216 546 2306 ἠκέσατ’
569 2219 735 2306 ἐσσυμένως
755 2229 950 2311 Ποδαλείριος
969 2226 1055 2290 ἕλκεα
1070 2221 1184 2304 πάντα,

423 2321 499 2391 ὄσσα
519 2323 854 2429 μεριδριίφθησαν.

259 2432 323 2493 Sed
340 2454 371 2492 v.
387 2431 459 2492 396.
480 2434 535 2491 vix
557 2431 648 2492 eredo
671 2433 716 2493 sie
738 2433 888 2493 debilibus
912 2440 942 2495 et
963 2432 1068 2492 fractis
1090 2433 1224 2493 numeris
1246 2455 1264 2493 e
1283 2442 1383 2514 poetae

258 2554 350 2593 manu
372 2534 495 2593 exiisse.
541 2532 727 2593 Obseruauit
752 2535 832 2594 enim
850 2536 916 2612 jam
939 2533 1082 2614 Spitzner
1108 2535 1147 2594 de
1172 2556 1254 2595 vers.
1282 2535 1382 2597 Graec.

258 2636 323 2695 her.
346 2633 376 2710 ἓ.
401 2631 429 2691 2.
452 2654 537 2693 raros
560 2654 628 2694 esse
651 2634 733 2715 apud
750 2644 872 2696 veteres
891 2644 999 2717 poetas
1023 2639 1126 2717 epicos
1150 2638 1302 2715 ejusmodi
1325 2658 1382 2697 ver-

259 2759 326 2811 sus,
349 2737 401 2817 qui
422 2737 507 2797 nulla
527 2756 654 2797 caesura
672 2739 704 2797 in
726 2740 814 2799 tertio
836 2739 917 2821 pede
939 2740 1100 2816 incedant3
1133 2739 1231 2799 sieubi
1251 2761 1326 2800 vero
1345 2762 1382 2799 re·

259 2840 430 2921 pariantur,
458 2841 490 2899 in
512 2847 625 2921 quarto
640 2840 721 2921 pede
743 2842 951 2901 neeessariam
970 2842 1035 2901 fere
1058 2861 1127 2901 esse
1142 2843 1338 2916 incisionem,
1360 2845 1383 2901 in

259 2941 394 3003 seeundo
415 2963 489 3001 vero
512 2942 692 3024 plerumque
716 2945 808 3004 etiam
829 2944 976 3003 obtinere.
1020 2942 1125 3024 Atque
1145 2945 1177 3002 in
1197 2942 1307 3021 Quinti
1328 2947 1382 3026 qui-

260 3044 329 3105 dem
352 3024 485 3117 carmine
508 3065 612 3105 omnes
635 3045 786 3123 ejusmodi
808 3067 914 3107 versus
937 3046 1104 3105 masculam
1124 3066 1284 3106 caesuram
1307 3049 1384 3106 simul

260 3154 291 3206 et
312 3147 345 3204 in
367 3144 502 3205 secundo
524 3154 555 3204 et
575 3147 607 3204 in
626 3156 733 3227 quarto
751 3169 843 3209 versu
860 3150 1034 3211 observant.
1071 3147 1225 3207 Maximus
1243 3150 1325 3209 inter
1339 3151 1383 3208 hos

259 3267 402 3306 numerus
432 3254 478 3305 est
506 3265 610 3305 eorum
638 3268 800 3324 versuum,
835 3252 887 3332 qui
912 3249 1024 3331 pedem
1052 3250 1173 3308 tertium
1203 3251 1242 3309 ab
1276 3253 1382 3330 integra

259 3368 337 3407 vooe
365 3346 579 3419 exordiuntur,
612 3356 705 3430 atque
737 3351 827 3411 finem
860 3351 988 3413 secundi
1020 3350 1108 3430 pedis
1136 3360 1206 3430 post
1236 3373 1383 3414 caesuram

260 3451 377 3511 duabus
396 3449 513 3509 voeulis
535 3451 755 3530 monosyllabis
776 3455 913 3534 implent.
958 3452 1010 3513 Sie
1034 3451 1065 3526 l,
1088 3451 1145 3512 45:

419 3540 555 3630 Ἀλκιβίη
572 3572 603 3610 τε
623 3549 675 3612 καί
688 3541 861 3634 Ἀντιβρότη
879 3550 931 3614 καὶ
954 3548 1146 3634 Δηριμοίχεια.

259 3660 302 3718 ita
325 3676 463 3738 quoque,
487 3663 520 3714 ut
541 3676 596 3735 pes
618 3657 726 3715 tertius
748 3655 917 3736 spondeum
940 3657 1070 3730 efficiat,
1096 3655 1147 3729 11,
1171 3654 1247 3715 183:

426 3745 604 3835 Εὐρύμαχός
621 3776 651 3815 τε
673 3754 724 3817 καὶ
745 3754 880 3829 Αἰνείας·
900 3748 957 3817 σὺν
975 3754 1008 3817 δέ
1028 3772 1101 3834 σφιν
1122 3754 1241 3836 ἑταῖροι.

260 3865 299 3922 ef.
327 3869 489 3942 praeterea
516 3857 548 3929 1,
577 3855 648 3916 228.
679 3855 750 3917 229.
775 3856 846 3918 2311.
871 3855 942 3919 260.
967 3857 1038 3917 531.
1077 3857 1131 3932 10,
1163 3857 1213 3918 87.
1239 3859 1309 3920 111.
1347 3860 1385 3929 11,

260 3962 310 4023 85.
342 3960 398 4035 12,
422 3959 491 4019 133.
513 3955 585 4018 320.
606 3957 667 4018 325
689 3969 747 4020 ete.
782 3959 848 4019 Alii
868 3981 942 4020 vero
966 3969 1036 4019 sunt
1054 3981 1177 4034 versus,
1199 3962 1252 4022 ubi
1268 3962 1385 4024 secundi

258 4063 348 4142 pedis
375 4063 481 4122 ultima
505 4061 608 4121 brevis
633 4061 755 4140 syllaba
781 4082 853 4142 pars
885 4072 930 4122 est
953 4065 1019 4141 ejus
1042 4063 1143 4135 vocis,
1171 4084 1251 4143 quae
1272 4066 1385 4124 tertium

258 4163 369 4242 pedem
389 4171 485 4222 totum
508 4170 539 4222 et
557 4162 676 4222 initium
694 4164 797 4249 quarti·
816 4165 937 4245 implet,
959 4167 1003 4223 ita
1025 4172 1059 4222 ut
1072 4184 1134 4223 una
1147 4172 1266 4223 tantum
1285 4167 1385 4225 vocula

259 4263 472 4340 monosyllaba
492 4272 563 4342 post
586 4285 745 4324 caesuram
771 4266 938 4326 masculam
966 4266 1054 4346 pedis
1081 4265 1209 4324 secundi
1237 4274 1383 4347 sequutus

260 4372 293 4423 ut
318 4363 351 4435 1,
374 4361 450 4421 53οε

425 4452 606 4539 Εὖρόνομόν
626 4485 656 4522 τε
676 4457 891 4543 φιλοκτόλεμον
912 4463 963 4525 καὶ
980 4456 1086 4527 Ἐννέα
1108 4466 1183 4525 δῖον.
