2884 5184
336 441 452 488 aruo
480 414 1027 533 nscrsurruns·o}av313tlg·2fs:
1043 452 1070 532 {2
1083 460 1118 510 ::
1138 441 1201 515 1⁰1

59 614 132 684 etsi,
159 634 212 672 cur
239 615 298 687 hoc
322 616 512 693 potissimum
539 617 607 676 loco
631 619 763 696 positum
790 622 843 695 sit,
870 642 923 682 cur
953 623 1003 682 hic
1028 626 1201 704 instrusum,

58 711 178 768 nullam
194 732 325 770 causam
346 712 527 772 videas—
551 713 614 773 Sed
632 716 794 778 redeamus
815 720 885 778 ad
876 741 944 800 ipsa
966 723 1062 782 verba
1084 746 1200 788 eornm-

60 831 118 891 que
144 813 329 870 varietatem
352 812 589 890 dijudicandam.
633 817 736 876 Versu
757 820 854 897 primo
880 821 1018 882 videmus
1039 835 1201 918 praeterea

58 902 185 982 ἆδίκους
208 912 292 990 apud
315 911 466 991 Sibyllam
485 915 582 993 legi(
585 906 637 974 ἆδί
637 936 692 975 κου
712 918 785 977 edit.
808 918 836 996 I)
863 942 918 1000 pro
942 910 1085 998 ἆνόμονς,
1108 934 1139 984 et
1160 947 1201 1006 τῳ

58 1013 146 1081 ζῶναι
169 1033 223 1090 pro
250 1015 316 1093 θεῷ
344 1014 438 1084 ζῶντι.
491 1016 554 1077 Sed
581 1026 719 1096 praestat
748 1020 815 1080 sine
844 1020 935 1080 dubio
965 1022 1114 1100 scriptura
1140 1027 1199 1083 La-

60 1114 178 1171 ctantii.
200 1113 243 1172 At
263 1135 356 1174 versu
379 1116 513 1176 secundo
537 1127 567 1177 et
587 1119 751 1196 singularis
771 1120 918 1198 μοιχείαν,
941 1120 1032 1201 quern
1051 1123 1199 1202 interpre-

56 1214 132 1272 tatio
156 1215 270 1274 Latina
292 1216 447 1275 Lactantii
470 1239 592 1298 quoque
620 1220 793 1294 confirmat,
822 1230 853 1280 et
882 1223 1080 1300 imperativus
1105 1219 1200 1299 πεφί-

58 1313 128 1385 ίαξο
148 1313 297 1392 vulgatae
320 1318 490 1395 scripturae
510 1320 661 1397 praeferri
681 1328 846 1382 merentur.
891 1321 955 1382 Sed
978 1313 1119 1400 duorum,
1144 1345 1199 1403 pro

57 1435 115 1492 quo
138 1406 263 1492 ἀκρίτου
291 1417 355 1476 edit
375 1418 392 1474 I
415 1418 524 1491 habet,
550 1427 674 1478 tuentur
697 1419 866 1499 Sibyllina;
896 1442 997 1502 neque
1024 1430 1141 1496 tamen,
1167 1434 1201 1484 ut

52 1516 118 1591 jam
139 1515 221 1588 dixi,
246 1516 320 1595 quid
338 1517 416 1577 haec
434 1538 497 1576 vox
517 1519 576 1577 sibi
593 1519 683 1592 velit,
703 1520 854 1598 intelligo.
898 1523 1000 1582 Versu
1028 1524 1117 1582 tertio
1146 1524 1197 1584 de-

57 1616 172 1675 fectum
192 1619 282 1676 metri
305 1618 428 1695 supplet
453 1617 588 1697 Sibylla,
612 1609 667 1694 τὴν
688 1609 719 1677 δ’
740 1618 821 1678 ἰδίαν
842 1620 880 1679 ab
901 1622 987 1680 initio
1009 1624 1133 1700 legens3
1154 1634 1198 1684 at·

59 1737 116 1796 que
139 1717 221 1776 hanc
241 1718 424 1851 scripturam
445 1719 606 1778 Lactantio
625 1718 815 1779 reddendam
842 1741 926 1795 esse,
951 1731 1099 1782 monstrat
1124 1745 1197 1803 quo-

59 1839 116 1897 que
140 1817 301 1897 Opsopaei
321 1825 395 1875 nota
405 1817 558 1898 :„Script
560 1840 578 1877 a
546 1821 749 1880 tLactantii
762 1822 938 1882 membrana
957 1823 1039 1882 tertii
1063 1822 1196 1902 (versus)

59 1921 177 1978 initium
199 1921 247 1978 his
268 1938 328 1994 may
321 1862 461 1989 usculis,
494 1921 562 1977 ut
554 1941 586 1979 m
613 1922 750 1981 omnibus
773 1923 867 1995 solet,
892 1924 1043 2002 exprimit.
1084 1933 1195 1990 ΘΗΝΔ-

61 2030 153 2081 rltmu
182 2030 344 2091 ΘΗΝΝΔΗ,
373 2039 389 2076 e
415 2019 525 2098 quibus
554 2020 647 2081 facile
676 2022 808 2081 efficitur
837 2011 894 2098 τὴν
919 2011 949 2081 δ’
978 2021 1059 2082 ἰδίαν
1088 2021 1198 2100 γένναν

61 2127 136 2181 etc.“
181 2123 220 2179 In
243 2120 352 2180 eodem
374 2140 465 2179 versu
491 2130 591 2179 utrum
614 2113 720 2196 φόνεαε
741 2142 781 2179 an
803 2117 949 2203 φονεύσῃς
970 2124 1099 2196 scribas,
1120 2124 1198 2182 nihil

60 2226 195 2285 interest.
250 2225 352 2283 Versu
384 2230 491 2300 quarto
523 2240 645 2299 quoque
679 2221 830 2299 scriptura
858 2219 1079 2298 Sibyllinorum
1105 2221 1199 2292 τοῐςδε

60 2315 113 2405 γὰρ
136 2326 332 2385 confirmatur
352 2322 451 2380 veteri
468 2321 721 2398 interpretatione
738 2321 867 2378 Latina:
891 2323 934 2378 ἰιὶο
954 2325 1026 2377 caim
1048 2325 1116 2378 deus
1138 2330 1195 2380 etc.

63 2426 121 2487 Sed
139 2449 197 2507 pro
220 2425 313 2495 τοῐςδε
332 2423 397 2482 sive
418 2424 478 2490 τοῖς
501 2416 547 2496 δὲ,
570 2421 653 2501 quod
675 2420 784 2481 editi
806 2421 916 2494 habet,
939 2419 1132 2479 scribendum
1150 2422 1195 2478 vi-

63 2527 147 2587 detur
170 2530 248 2586 τοίσι
266 2514 325 2604 γὰρ
344 2545 371 2582 κ.
394 2543 418 2580 τ.
442 2524 468 2585 λ,
829 2536 831 2539 ’

498 2706 569 2746 car.
591 2685 641 2746 23.
672 2687 703 2763 ξ.
727 2688 756 2747 3.

142 2814 213 2882 „Ea
234 2811 329 2884 quibus
351 2812 409 2866 alia
429 2811 595 2865 denuntians
617 2809 753 2862 universis
776 2807 900 2878 μοαίίδαε
920 2808 992 2860 iram
1019 2806 1063 2860 dei
1087 2805 1120 2860 ob
1146 2808 1194 2858 im-

59 2918 186 2984 pietatem
208 2914 346 2969 hommum
368 2913 420 2967 boc
441 2910 520 2983 modo
541 2922 645 2962 exorsa
666 2912 723 2960 est:

226 3007 381 3090 ἐρχομένης
400 2999 491 3087 ὀργῆς
512 2998 639 3083 μεγάλης
658 2999 706 3059 ἐπὶ
728 2996 840 3099 αόσμον
860 2988 972 3075 ἀπειθῆ

227 3110 350 3188 ἔσχατον
368 3108 409 3180 εἰς
430 3106 525 3166 αἰῶνα
545 3105 619 3163 θεοῦ
640 3097 797 3182 μνμεύμαεα
814 3097 921 3174 φαίνω,

227 3215 299 3270 πᾶσι
319 3200 548 3289 προφητεύσασα
568 3196 644 3263 κατὰ
661 3194 750 3264 πόλιν
771 3193 988 3281 ἀνθρώποισιίί.
1133 3295 1136 3299 Ἰ

63 3313 171 3373 Mirum
197 3332 271 3371 sane
303 3321 349 3371 est
373 3312 507 3388 Xystum
529 3305 705 3383 Betulejum
733 3305 825 3363 etiam
843 3302 899 3360 hos
919 3322 1026 3362 versus
1048 3303 1197 3361 intereos

65 3416 217 3491 posuisse,
249 3415 301 3492 qui
331 3415 363 3470 iu
397 3410 557 3488 Sibyllinis
590 3428 651 3465 non
677 3406 835 3483 legantur,
876 3425 943 3463 cum
976 3403 1055 3463 liber
1084 3400 1113 3460 8.
1159 3402 1197 3461 ab

64 3514 133 3573 his
125 3517 202 3596 ipsis
223 3513 363 3574 versibus
384 3511 526 3588 incipiat,
555 3507 666 3566 leviter
692 3514 809 3563 tantum
837 3504 1097 3582 discrepantibus3
1128 3523 1198 3562 nam

65 3636 91 3671 v.
114 3616 140 3674 1
165 3606 292 3694 μεμαλης
322 3606 412 3690 δομῆς
438 3611 567 3687 legitur,
591 3629 621 3664 v.
642 3598 706 3661 2
694 3598 830 3677 ὕστατον,
852 3625 883 3660 v.
909 3602 939 3660 3
972 3595 1199 3679 προφητεύουσα

66 3712 135 3774 κατὰ
158 3707 275 3781 milam
310 3713 362 3771 ubi
390 3710 470 3790 quod
501 3729 592 3768 versu
619 3706 709 3764 tertio
737 3705 874 3762 variatur
905 3704 971 3761 sine
998 3699 1089 3759 dubio
1117 3702 1199 3779 apud

67 3814 214 3894 Sibyllam
230 3816 342 3873 rectius
366 3813 510 3890 scripturn
532 3814 642 3869 exstat.
687 3806 788 3864 Versu
811 3802 945 3861 secundo
968 3799 1133 3878 legendum
1152 3802 1196 3858 vi-

67 3915 157 3976 detur·
182 3913 340 3991 μηνίματα.
379 3912 474 3970 Edita
509 3908 663 3968 Lactantii
695 3902 886 3985 exemplaria
922 3910 1029 3983 vetera
1059 3900 1104 3957 nil
1139 3901 1199 3958 nisi

36 4064 40 4071 .
68 4035 160 4076 meros
194 4034 312 4075 errores
346 4012 511 4092 praebent:
546 3998 658 4086 οἷνεαθῆΙ
688 4006 733 4079 A,
762 4003 797 4062 O.
827 3998 908 4079 φέρω
935 4000 966 4058 Α
995 3998 1030 4058 Ο.
1082 3999 1145 4059 Sed
1172 4002 1198 4058 B

66 4114 123 4187 jam
140 4135 264 4195 prorsus
286 4113 444 4190 vulgatam
464 4112 629 4170 confirmat.
664 4103 881 4184 Interpretatio
899 4102 1011 4159 Latina
1034 4108 1089 4172 est,
1108 4102 1199 4160 etiam

68 4213 97 4271 in
123 4216 229 4275 codice
256 4223 373 4273 nostro:
405 4217 512 4271 venant
540 4208 687 4285 (venientes
711 4204 777 4263 cod.
800 4203 877 4278 Reg.
900 4210 1005 4279 aperto
1027 4202 1199 4260 testimonio

68 4313 226 4391 legendum
257 4336 326 4374 esse
354 4314 483 4392 ubique:
511 4305 652 4383 venantis)
675 4312 737 4363 irae
757 4319 878 4377 maenae
898 4320 985 4374 super
1005 4305 1136 4359 mundum
1157 4305 1203 4360 dei

66 4421 303 4484 emundationes
324 4429 467 4472 enarrans
487 4411 609 4468 omnibus
630 4407 782 4466 bominibus
799 4410 827 4461 in
847 4404 960 4462 urbibus
972 4402 1157 4477 prophetans.
