2884 5184
312 463 420 510 APUD
449 464 733 514 τιοτιειτιυιι
763 466 902 516 oav1l.
1128 455 1163 519 91

292 640 404 713 §eitoto
796 642 956 703 taiaxanoi

777 714 781 721 ι

291 741 483 819 oybaoiauoo
797 745 936 804 aioautoo

34 843 59 900 h.
81 863 106 900 e.

196 963 364 1024 ταρταρεον
381 942 414 1002 δε
435 962 505 1020 χαος
526 942 611 1015 δειξει
630 962 693 1002 τοτε
710 964 783 1022 γαια
802 965 912 1021 χανου.
927 991 933 1005 .
951 987 957 1001 .

197 1086 430 1101 .........
445 1047 507 1102 θου
528 1044 668 1121 βασιλῆος
687 1057 836 1120 αισαντες,

34 1143 80 1199 ubi
99 1163 163 1201 non
185 1144 293 1202 solum
313 1142 398 1218 δείξει
418 1136 482 1204 τότε
498 1166 554 1224 pro
575 1135 638 1204 τότε
660 1143 745 1217 δείξει
764 1147 873 1219 variat,
896 1147 951 1207 sod
974 1148 1065 1206 etiam
1086 1148 1167 1224 βασι-

34 1243 96 1317 λῆος
114 1252 204 1303 teoto
230 1246 379 1325 scriptum
402 1255 513 1306 exstat.
556 1248 594 1306 In
622 1260 756 1318 αισαντες
779 1248 888 1308 literae
912 1250 941 1308 io
969 1269 1024 1328 pro
1051 1268 1074 1308 ιτ
1099 1270 1167 1309 oxa·

33 1352 113 1402 ratae
133 1353 219 1403 sunt,

407 1550 414 1562 .
501 1514 597 1574 loia.
627 1514 657 1592 ς.
679 1516 708 1574 4.

115 1633 172 1703 „Et
191 1635 254 1690 alio
275 1637 334 1691 loco
352 1636 432 1708 opud
451 1636 567 1691 eandem

196 1723 336 1811 οὖρανδν
356 1731 469 1806 είλίξαν
487 1731 572 1811 γαίης
592 1734 769 1811 κευθμῶνας
789 1721 898 1809 &volgo

197 1830 255 1891 καὶ
276 1824 336 1894 τότ’
360 1824 515 1913 ἀναστήσω
536 1831 673 1917 νεκροὺς,
694 1837 803 1915 μοῖραν
825 1824 977 1912 ἀναλύσας

199 1933 257 1994 καὶ
274 1929 412 1996 θανάτου
430 1934 568 2019 κέντρον,
588 1934 639 1998 καί
654 1930 777 2017 ὕστερον
797 1935 838 2010 είς
856 1937 954 2017 κρίσιν
971 1930 1033 2014 lgm

171 2027 177 2035 ’
196 2035 313 2116 κρίνων
330 2027 473 2117 εὖσεβέαν
494 2036 545 2100 καί
567 2036 732 2119 δυσσεβέοιν
751 2037 819 2117 βίον
840 2027 992 2119 ἇνδρῶν.“
1060 2110 1063 2113 ,

36 2133 126 2193 Levia
143 2140 461 2225 tantummodosunt,
490 2162 569 2222 quae
594 2143 626 2200 in
653 2140 744 2199 oditis
764 2142 918 2200 Lactantii
944 2145 1168 2222 exemplaribus

38 2243 153 2296 exstant
174 2240 257 2300 vitia
286 2242 530 2323 orthographica.
574 2242 618 2300 Ut
643 2260 717 2298 voro
748 2261 766 2299 o
793 2240 918 2319 Sparkii
944 2251 1019 2301 nota
1046 2244 1086 2302 ad
1109 2246 1168 2303 La·

37 2337 175 2399 etantium
198 2349 233 2401 ot
254 2341 411 2422 Opsopaoi
431 2344 471 2404 ad
501 2342 655 2420 Sibyllina
681 2339 788 2414 video,
817 2341 871 2400 alii
897 2341 1039 2401 videntur
1068 2343 1172 2417 εἱλίξας

38 2434 153 2499 habore.
197 2443 239 2502 In
260 2443 421 2522 Sibyllinis
441 2445 520 2503 haoo
542 2445 685 2522 leguntur
708 2437 738 2500 8.
764 2464 794 2502 v.
817 2440 890 2502 413.
910 2464 978 2524 sqq.
999 2445 1055 2503 sod
1070 2448 1170 2505 omnia

38 2537 124 2597 verba
143 2562 161 2601 ε
181 2545 278 2604 tortia
297 2565 431 2624 persona
452 2545 573 2624 prolata
592 2553 678 2604 sunt:

198 2633 332 2724 οὐρανὸν
353 2642 463 2721 είλίξει,
485 2646 570 2724 γαίης
586 2647 762 2724 κευθμῶνας
783 2640 892 2723 ἀνοίξει

195 2742 250 2804 καί
268 2735 329 2804 τοτ’
354 2735 511 2823 ἀναστήσει
532 2744 656 2824 νέκυας,
675 2752 785 2830 μοῖραν
803 2743 971 2829 καταλύσας

197 2844 252 2912 καί
271 2839 408 2909 θανάτου
429 2845 566 2929 κέντρον,
588 2846 639 2908 καὶ
655 2842 779 2929 ὕστερον
796 2848 837 2924 είς
858 2851 956 2930 κρίσιν
975 2847 1038 2932 ἥξει

198 2950 312 3032 κρίνων
332 2936 475 3027 εὐσεβέων
492 2948 543 3009 καὶ
564 2946 730 3029 δυσσεβὲοιν
750 2949 818 3029 βίον
838 2941 967 3032 ἀνδρῶν,

40 3049 85 3107 ubi
102 3053 322 3135 Opsopaouso
344 3075 399 3114 suo
427 3053 533 3113 oodioo
554 3050 650 3126 είλίξω
675 3061 778 3126 notat,
807 3053 889 3135 quod
915 3063 1019 3115 nostor
1045 3079 1167 3139 quoquo

39 3149 138 3230 habet,
159 3159 193 3218 in
214 3159 358 3237 reliquia,
379 3164 525 3238 quantum
546 3163 669 3214 servata
684 3163 769 3229 sunt,
790 3156 834 3215 nil
849 3176 868 3214 a
889 3158 1016 3236 vulgata
1034 3160 1210 3221 lectionesa

39 3255 189 3319 recedens.
240 3259 409 3318 Praeterea
434 3278 508 3317 vero
534 3281 551 3320 o
579 3257 741 3337 Sibyllinis
767 3248 908 3320 lubenler
934 3251 995 3336 ἥξοι
1021 3285 1077 3341 pro
1106 3255 1167 3339 δι’ξω

39 3356 187 3421 restituam
210 3360 387 3436 Lactanti03
411 3351 473 3433 δίξω
493 3369 598 3420 tamon
621 3360 713 3420 otiam
734 3369 839 3420 nostor
862 3362 1062 3426 colluatur.

378 3528 449 3586 LIB.
472 3528 544 3586 VII.
569 3547 640 3587 cap⁴
664 3511 725 3586 23(
738 3527 769 3603 ξ.
793 3529 822 3587 4.
870 3508 873 3513 ”

114 3649 191 3718 „Sed
210 3665 261 3706 noa
282 3649 317 3703 ob
338 3647 466 3704 humanis
486 3649 526 3702 od
543 3648 635 3703 divino
657 3649 813 3705 redeamus.
858 3651 962 3724 Sibylla
986 3655 1084 3708 ilerum
1104 3655 1170 3708 dicit

43 3735 147 3819 (Sibylla
169 3753 235 3808 dicit
254 3751 325 3805 hoec
347 3769 373 3807 o.
395 3745 465 3824 R.):

194 3842 378 3926 ‚‚‹laiomotov
396 3838 454 3929 γὰρ
477 3837 558 3906 ῶτταν
579 3836 716 3923 μερόπων
737 3841 837 3925 γένος·
860 3834 926 3905 ἄλλ’
949 3838 1021 3908 ὅταν
1039 3839 1097 3926 ἤδη

194 3946 308 4028 κόσμον
329 3944 381 4009 καί
404 3949 526 4025 θνητῶν
544 3944 621 4030 ἔλθῃ
643 3944 754 4023 κρίσις,
776 3938 815 4024 ἣν
834 3932 904 4020 θεὸς
923 3936 1012 4020 αὐτὸς

195 4048 312 4134 ποιήσει
329 4050 445 4132 κρίνων
464 4039 578 4127 ἀσεβεῖς
597 4037 632 4106 θ’
657 4038 719 4125 ἅμα
741 4037 876 4127 εὐσεβίας
897 4069 936 4123 τε,

195 4154 246 4217 καὶ
265 4147 329 4214 τότε
346 4147 508 4229 δυσσεβίας
525 4144 579 4225 μὲν
598 4147 646 4209 ἐντὶ
666 4143 760 4227 ζόφον
780 4147 813 4210 ἐν
829 4146 903 4228 κυρί
919 4145 1039 4226 πέμψει,

191 4250 276 4318 ’όσσοι
298 4245 325 4314 δ’
351 4243 534 4331 εδσεβὲουσι,
555 4240 647 4310 πάλιν
670 4241 791 4327 ζήσουσ’
815 4248 863 4310 ἐντὶ
879 4248 965 4330 γαίης

190 4359 308 4434 κνεῦμα
327 4356 402 4415 θεοῦ
424 4347 527 4425 δόντος
547 4342 637 4430 τιμὴν
657 4343 719 4429 ἅμα
738 4351 788 4412 καί
808 4351 876 4432 βίον
896 4339 1032 4422 αὖτοῑς.“

43 4443 131 4531 Nihil,
159 4460 241 4541 quod
273 4479 386 4538 operae
417 4457 549 4536 pretium
580 4459 635 4527 sit,
671 4455 795 4517 enotavi
828 4476 868 4517 ox
897 4454 988 4515 oditis
1009 4455 1164 4514 Lactantii
