2884 5184
578 275 603 304 0

400 463 513 514 aruo
535 465 827 514 uacraurruu.
1124 452 1181 513 131

62 660 89 699 oc
101 638 207 716 μὀιπαι
229 644 376 715 subjaceat
401 639 578 718 (subjaceant
606 660 631 698 c.
660 637 713 717 R.)
739 644 943 714 sempiternae?
982 642 1055 698 Nam
1079 645 1108 697 in
1129 644 1183 697 olio

62 743 124 818 (mm
143 751 170 800 et
186 747 217 800 im
237 747 301 815 ctio,
324 739 392 800 cod.
413 740 451 800 R.
476 739 587 819 benet)
610 758 745 816 rerpmao
766 744 804 797 itu
826 742 910 797 dixit:

210 839 347 917 ὄαίμονες
369 840 400 899 οἳ
417 841 541 914 φοιτῶσι
558 836 625 919 περὶ
646 829 745 918 χθόνα
766 835 818 897 καὶ
836 833 904 918 περὶ
923 829 1034 897 πόντον

206 932 355 1018 άιιάμοτοι
376 935 524 1019 δάμανται
543 931 618 1000 ὑπαὶ
634 931 755 1020 μάστιγι
771 940 887 1002 θεοῖοίι.

58 1040 137 1099 Edita
156 1043 350 1122 exemplaria
375 1044 452 1102 nihil
478 1043 603 1102 variant
625 1052 749 1123 praeter
777 1043 896 1104 leviora
921 1043 998 1102 vitia
1024 1042 1180 1120 orthogra-

57 1142 148 1220 phica,
170 1144 232 1202 nisi
250 1143 334 1224 quod
352 1144 382 1204 A
402 1136 545 1221 δάμονται
565 1145 704 1223 praebet.
750 1144 858 1205 Codex
875 1146 954 1222 Reg.
975 1145 1054 1204 haec
1072 1143 1179 1203 habet:

56 1242 1181 1325 cainonecoimoitorciHepiydomauakaisspiHtouakauatoyaauoutaiysse

57 1344 253 1422 mactipyocoi‚
278 1348 308 1406 h.
329 1368 357 1407 e.

209 1447 347 1525 δοιμοντς
368 1468 397 1507 οι
419 1464 541 1523 φοιτωσι
562 1468 629 1527 περι
650 1452 795 1525 oropum
817 1470 868 1508 και
888 1467 942 1526 πρι
960 1468 1036 1507 mov

208 1567 363 1625 ακαμοτοο
381 1545 543 1625 depromat
561 1542 618 1609 ὖπε
635 1565 755 1627 μοστιγι
772 1552 848 1623 θεοι,

56 1650 99 1709 ubi
116 1653 147 1709 in
167 1632 267 1730 primo
288 1670 381 1709 versu
404 1650 525 1710 notabis
544 1671 653 1711 vocem
673 1654 817 1727 οθομονα
841 1670 897 1729 pro
928 1642 1041 1727 χθόνα,
1064 1673 1125 1732 qua
1147 1655 1180 1712 in

55 1772 119 1811 voce
137 1773 159 1831 y
180 1772 236 1832 pro
261 1773 292 1828 χ,
312 1760 346 1811 ut
367 1752 507 1830 saepius,
529 1754 674 1832 scriptum
696 1761 757 1829 θοις
780 1761 843 1812 tum
866 1772 933 1811 cum
955 1753 1035 1813 duae
1053 1754 1178 1814 ultimae

55 1853 149 1913 literae
169 1854 219 1913 bis
248 1853 382 1932 scriptae
413 1862 532 1927 essent,
564 1876 656 1930 νανα,
687 1854 773 1914 facili
806 1857 999 1934 corruptione
1026 1856 1058 1914 iu
1085 1876 1179 1915 marra

54 1955 234 2014 transierunt.
281 1954 318 2013 Iu
339 1953 441 2014 verbis
462 1951 529 2034 περὶ
549 1947 661 2016 πόντον
683 1957 864 2018 exciderunt
883 1958 992 2018 literae
1015 1957 1176 2037 quaedam.

56 2052 200 2115 Secundus
220 2072 330 2114 versuo
352 2054 396 2112 ita
416 2052 596 2115 scribendus
617 2054 754 2116 videtur:

204 2146 362 2230 άιιοιμάτοο
384 2148 550 2229 δάμνιιντοιι
571 2149 645 2214 ὑπαὶ
663 2150 783 2235 μάστιγι
802 2159 895 2216 θεοῖο.

55 2254 162 2316 Codicis
184 2256 311 2337 quidem
329 2255 480 2334 scriptura
507 2255 669 2335 akauatoy
690 2266 753 2315 tam
775 2248 922 2331 ἀκάματοι
948 2275 1039 2334 quam
1059 2244 1173 2330 άιαμά-

53 2377 96 2417 τοο
111 2359 171 2437 legi
192 2365 306 2439 potest.
349 2356 426 2414 Mihi
444 2365 548 2415 tamen
562 2355 798 2436 praeferendum
819 2356 942 2417 videtur
960 2358 1114 2436 genitivus
1137 2360 1178 2418 ad
1217 2383 1218 2386 ¹

53 2462 123 2518 θεοῖο
139 2460 268 2520 relatus.
301 2450 477 2534 Δάμνανται
498 2477 573 2517 vero
595 2478 650 2538 pro
671 2459 781 2518 vitioso
804 2449 950 2535 δάμανται
973 2460 1122 2519 editorum
1147 2468 1178 2518 et

53 2559 200 2636 icpvomct
227 2557 379 2637 codicis*)
407 2559 604 2637 grammatica
636 2568 666 2619 et
694 2569 823 2621 metrum
849 2561 1015 2642 postulant.
1057 2562 1096 2622 In
1121 2579 1178 2622 οπι

53 2680 97 2738 pro
116 2650 189 2720 ὑπαὶ
210 2660 388 2721 Itacismum
410 2680 569 2747 agnosces.

397 2842 468 2901 Lm.
490 2841 516 2899 Ι.
544 2860 614 2902 oar.
637 2842 684 2900 11.
714 2840 745 2916 ξ.
768 2841 820 2900 46.

124 2970 170 3037 „im
191 2982 247 3038 quo
267 2964 396 3034 sepulcro
421 2964 485 3033 ejus
509 2969 550 3017 est
573 2963 735 3033 ιἰιοονιμιιιπι
764 2957 909 3035 (scriptum
931 2979 957 3016 c.
980 2958 1032 3035 R.)
1058 2965 1177 3035 antiquat

52 3066 124 3120 litero
139 3066 272 3122 Graecis:
295 3060 516 3121 zouxrouor“

123 3163 207 3222 Edit.
231 3162 261 3222 A
284 3161 352 3234 ξενσ
373 3180 490 3240 κρονον.
516 3158 543 3216 Β
572 3145 588 3215 ὃ
616 3146 679 3229 ζεός
703 3160 756 3217 τοῦ
782 3148 901 3237 κρόνου.
931 3156 956 3217 O
983 3147 1000 3218 ό
1028 3149 1093 3233 §aig
1117 3182 1178 3220 των

51 3256 156 3342 moveo.
201 3261 266 3322 Sed
284 3262 400 3342 liquide
423 3261 522 3321 codex
542 3267 662 3319 noster:
686 3259 877 3340 zaukponoy
893 3261 913 3318 i.
936 3281 964 3320 e.
986 3250 1041 3333 ζάν
1055 3254 1176 3343 κρόνου,

51 3373 76 3424 ct
94 3369 136 3427 aio
158 3384 282 3445 quoque
304 3362 403 3424 codex
418 3362 550 3423 Puteani
571 3339 656 3442 apud
670 3359 786 3442 Opsop.
797 3361 837 3422 ad
849 3360 994 3440 Sibyffin.
1011 3360 1040 3437 8,
1057 3386 1088 3443 p.
1104 3360 1176 3424 684.

404 3548 475 3606 Lm.
498 3547 524 3605 I.
549 3564 620 3606 cur.
646 3545 693 3605 13.
715 3545 747 3621 ξ.
773 3546 821 3603 11.

124 3670 288 3743 „Orpheum
315 3671 364 3741 qui
391 3666 556 3741 temporibus
583 3661 644 3740 (qui
671 3682 689 3719 ιι
717 3664 883 3735 temporibus
910 3680 935 3718 c.
958 3658 1010 3736 R.)
1041 3664 1105 3734 ejus
1131 3678 1177 3743 re-

48 3774 140 3827 mator
160 3770 217 3842 fuit
237 3766 304 3845 (fuit
321 3782 378 3825 rec.
402 3785 427 3825 c.
456 3762 508 3842 R.)
524 3771 636 3839 aperte,
662 3764 816 3821 Saturnum
837 3765 865 3817 ιἰι
884 3768 962 3817 terra
985 3768 1013 3817 et
1031 3762 1110 3833 opud
1129 3762 1178 3818 Ιιο-

49 3873 125 3927 m'nea
146 3884 282 3943 reptasse
303 3874 510 3924 commemorat:

205 3960 387 4045 »πρώτιστος
405 3961 460 4042 μὲν
481 3957 555 4038 άνοιξ
573 3960 606 4024 ἔτι
628 3960 808 4041 ἐπιχθονίων
827 3953 940 4041 Κρόνος
958 3951 1092 4040 άνδρῶν·

208 4063 242 4126 ἐκ
262 4060 294 4125 δὲ
318 4057 436 4144 Κρόνον
451 4053 543 4143 γένετ’
567 4053 655 4135 αὐτὸς
676 4055 750 4138 άναξ
770 4059 859 4141 μέγας
877 4049 1010 4142 εὖροόπιι
1030 4049 1134 4130 Ζεόςίί.

48 4168 120 4228 Hinc
140 4169 344 4247 fragmentum
363 4167 422 4225 hoc
442 4166 521 4225 inter
544 4163 679 4244 Orphica
700 4164 830 4223 relatum
853 4170 914 4236 est,
941 4160 994 4220 ubi
1018 4181 1100 4220 nunc
1122 4180 1175 4219 ex-

48 4276 192 4329 statuum
212 4267 264 4327 47.
287 4287 359 4347 pag.
388 4265 460 4326 500.
484 4264 556 4325 edit.
584 4265 690 4323 Herm.
716 4264 770 4323 ubi
797 4264 895 4324 editor
921 4283 977 4341 pro
1006 4261 1116 4321 vitioso
1146 4256 1160 4319 ἒ

108 4484 135 4551 *)
154 4479 295 4550 δάμοντοι
314 4485 375 4536 cod.
394 4485 472 4537 Vrat.

937 4563 983 4624 9*
