2884 5184
240 409 281 479 36
568 418 757 479 omarus
778 419 1045 469 annaneane.

240 594 421 678 Praeposito
449 585 509 654 ἄνα
539 597 594 655 vix
620 594 672 655 hic
696 596 799 656 locum
824 594 935 668 habet,
971 594 1094 656 videtur
1127 585 1386 657 ἆπέθλασσει

240 699 348 759 fuisse.

241 822 272 862 v.
297 799 368 858 157.
408 795 443 857 oi'
459 817 490 857 τε
511 794 562 856 καὶ
584 788 743 879 ἆτρύγετον
759 794 886 878 πέλαγος
906 788 958 860 διό
976 795 1065 859 ποσσὶ
1085 795 1227 873 θέουσιν,

407 871 632 961 ἆιιρονύχων
652 874 857 959 ψαύοντες,
880 881 947 943 ἴσον
969 873 1000 943 δ’
1019 873 1154 962 ύνέριοισι
1172 878 1331 961 φέρονται.

240 986 396 1046 Potuisset
423 984 469 1043 uti
500 982 598 1040 forms
629 970 787 1062 ύιιρονιεχὶ,
824 1005 904 1065 quae
938 1005 978 1046 ex
1006 985 1157 1063 Meleagr.
1184 985 1300 1064 Epigr.
1333 979 1386 1041 24.

241 1088 361 1147 citatur.
406 1083 470 1145 Sed
495 1091 530 1142 ut
553 1082 632 1141 haec
655 1083 722 1159 jam
742 1087 851 1146 merito
872 1087 906 1147 iu
930 1085 1137 1166 suspicionem
1160 1087 1308 1159 incurrit,
1341 1086 1386 1144 ita

239 1209 302 1249 non
328 1188 426 1247 miuus
449 1175 624 1263 ἆιιρουύχων
644 1183 683 1242 ob
705 1186 872 1247 secundam
895 1187 1049 1267 syllabam
1071 1197 1242 1268 correptam
1266 1187 1386 1246 falsum

242 1299 303 1363 est,
331 1308 399 1349 cum
426 1285 563 1364 legitima
582 1284 680 1343 forma
706 1286 746 1345 sit
773 1276 953 1365 ἀκρόνυχος.
996 1289 1166 1367 Eleganter
1185 1286 1384 1348 Heliodorus

242 1389 277 1464 5,
306 1389 355 1448 14.
382 1413 413 1471 p.
437 1384 508 1447 192.
534 1385 575 1446 de
599 1386 707 1446 haedis
735 1386 931 1446 salientibus:
960 1379 1088 1465 dipsacos
1114 1379 1304 1471 αἰιιρωνύχοις
1328 1377 1385 1467 τὴν

240 1488 352 1571 ττέτραν
377 1487 501 1564 ἐπέξεον.
544 1485 608 1546 Sed
632 1488 665 1547 in
686 1484 794 1564 Quinti
818 1487 888 1546 loco
914 1495 968 1545 aut
992 1490 1093 1548 omnia
1115 1511 1164 1550 me
1190 1491 1308 1550 fallunt
1331 1500 1384 1549 aut

242 1590 465 1653 emendandum
487 1597 535 1648 est

407 1667 524 1750 όιιρον
543 1663 641 1749 ὕδωρ
661 1663 851 1746 ψαύοντες
869 1690 898 1729 ιι.
917 1689 941 1727 τ.
961 1671 987 1727 λ.

243 1775 326 1857 quod
336 1794 425 1834 nemo
435 1771 649 1850 aspernabitur
660 1772 698 1831 ob
711 1781 852 1853 quartum
866 1791 970 1832 casum
985 1769 1081 1830 verbo
1097 1765 1209 1847 ψαύειν
1220 1775 1381 1850 junctum

243 1877 283 1935 cf.
300 1874 394 1955 Soph.
410 1872 516 1949 Autig.
535 1893 565 1932 v.
583 1869 655 1930 951.
679 1871 778 1952 (961.)
800 1863 938 1949 ψαύων
954 1862 1021 1932 τὸν
1041 1867 1141 1931 θεόν.
1163 1872 1382 1954 Pseudosoph.

243 1976 416 2056 Clytaemu.
444 1994 474 2033 v.
505 1970 576 2031 119.
606 1960 725 2050 ὀσμὴν
756 1977 881 2056 θερμοῑο
913 1975 1010 2048 ψαύε
1035 1964 1170 2056 λιβάνου.
1213 1973 1382 2052 Phooylid.

240 2077 341 2155 ποίημ.
364 2080 480 2137 voveo.
502 2095 532 2134 v.
554 2072 624 2133 167.
647 2075 700 2134 Br.
723 2076 804 2135 Phil.
828 2075 929 2135 Germ.
951 2094 982 2133 v.
1007 2073 1058 2135 30.
1079 2096 1110 2154 p.
1134 2072 1205 2133 136.
1232 2074 1383 2135 Werusd.

242 2176 345 2257 Quid,
382 2175 464 2259 quod
495 2173 574 2234 haec
606 2195 670 2234 vox
696 2174 833 2235 dativum
869 2176 961 2236 etiam
994 2196 1056 2235 non
1089 2174 1214 2253 refugit.
1273 2174 1384 2254 Quint.

243 2277 364 2359 Smyrn.
388 2274 424 2351 8,
447 2274 519 2336 349.

782 2352 845 2420 door
868 2350 897 2420 δ’
919 2358 1039 2438 ἐψαυε
1057 2358 1209 2437 νέφεσσι
1337 2374 1340 2378 ’

407 2444 549 2523 θεσπεσίη
569 2438 743 2525 τρυφάλεια.

241 2541 370 2605 Diocles
392 2548 474 2627 apud
497 2547 607 2607 Galen.
632 2545 671 2604 de
693 2545 822 2623 simplic.
840 2545 1001 2606 medicam.
1021 2555 1133 2627 potest.
1155 2547 1208 2607 lib.
1232 2544 1261 2605 2.
1290 2548 1332 2606 Τ.
1357 2547 1385 2607 2.

241 2667 272 2726 p.
294 2643 330 2718 9,
352 2646 404 2706 40.
427 2647 499 2707 Ald.
523 2644 574 2706 sol
595 2636 633 2723 δὴ
653 2641 705 2704 sol
724 2648 807 2715 ταῖς
828 2634 1048 2724 ἀκαλήφαις
1067 2645 1118 2707 καὶ
1138 2641 1270 2720 ἄλλοις
1291 2653 1384 2709 πολ-

241 2749 319 2818 λοῖς
343 2736 440 2826 ἡσυχῇ
465 2745 520 2827 μὲν
545 2740 741 2827 ψαύοντας
765 2734 855 2807 odilo
873 2742 1009 2825 ἐνοχλεῖν.
1038 2749 1150 2810 Galen.
1170 2749 1244 2809 ibid.
1268 2750 1327 2810 lib.
1355 2751 1384 2809 5.

241 2869 272 2929 p.
298 2846 354 2923 31,
382 2849 424 2922 B,
456 2849 504 2909 15.
535 2851 595 2909 τῶν
619 2838 821 2924 ψαυόντων
850 2840 951 2929 αύτῷ
976 2849 1096 2929 μορίων.
1141 2851 1224 2910 Hinc
1251 2872 1384 2933 quoque

242 2949 324 3030 apud
346 2948 477 3011 eundem
501 2949 554 3010 lib.
580 2946 609 3008 3.
639 2969 670 3028 p.
702 2946 754 3021 16,
782 2948 824 3022 Β,
852 2946 903 3007 37.
934 2945 1143 3030 ψαυόμενα.
1194 2951 1306 3013 Simile
1338 2966 1384 3014 est

241 3051 368 3111 verbum
395 3044 542 3127 ἐπιψαύω.
587 3050 774 3130 Plerumque
801 3050 969 3126 genitivum
999 3052 1176 3131 adjunctum
1196 3053 1312 3131 habet3
1344 3056 1383 3115 ef.

240 3152 369 3210 Lucian.
392 3151 516 3229 Dialog.
534 3152 574 3209 D.
586 3152 628 3210 M.
648 3148 703 3222 15,
727 3149 756 3209 3.
780 3151 819 3208 Τ.
833 3151 859 3209 Ι.
881 3173 912 3231 p.
931 3151 1000 3212 137.
1024 3153 1090 3236 (qui
1104 3154 1190 3214 locus
1205 3156 1382 3216 simillimus

242 3260 289 3310 est
306 3251 375 3311 loco
393 3249 515 3329 Quinti,
537 3251 576 3311 de
598 3272 658 3333 quo
681 3250 811 3330 agitur):
840 3250 943 3333 ἔρωτες
962 3251 994 3314 δέ
1014 3248 1247 3335 παραπετόμενοι
1271 3248 1384 3338 μικρὸν

239 3343 315 3429 ὑπὲρ
335 3342 391 3427 τὴν
410 3341 580 3427 θάλατταν,
607 3344 646 3423 ὦς
665 3349 756 3412 ἐνίοτε
776 3345 879 3432 ύιιροις
900 3358 961 3426 τοῖς
979 3352 1067 3415 ποσὶν
1084 3348 1297 3433 ἐπιψαύειν
1315 3359 1384 3418 τοῦ

238 3440 381 3524 sideros.
428 3449 532 3529 Quint.
556 3452 677 3533 Smyrn.
703 3454 757 3526 14,
787 3452 858 3513 367.
887 3448 1030 3536 τύμβου
1057 3450 1267 3533 ἐπιψαύων.
1318 3458 1384 3519 Sed

240 3551 349 3612 eadem
369 3572 432 3612 vox
452 3554 535 3635 apud
557 3553 703 3633 Quintum
726 3565 757 3614 et
777 3554 913 3616 dativum
933 3557 1065 3618 adscivit
1087 3556 1122 3633 2,
1145 3558 1226 3618 457:
1418 3536 1419 3547 ¹

824 3652 1016 3734 ἐπέψαυεν
1037 3656 1070 3719 δέ
1088 3657 1226 3736 λόφοισιν

403 3728 587 3816 ἀλλήλαις
609 3733 769 3819 ἐιιύτερθεν
790 3735 970 3820 ἐρειδόμενοι
991 3738 1174 3823 τρυφάλειαι.

239 3851 270 3903 et
292 3841 500 3903 accusativum
522 3837 577 3914 12,
600 3840 678 3899 551:

401 3932 461 4018 ἤδη
481 3933 734 4017 ἐπιψαύοντες
752 3934 847 4018 ὁμὴν
866 3933 957 4003 itte
976 3940 1149 4006 εἰδώλοισιν.

237 4037 357 4122 Atque,
384 4042 417 4100 ni
444 4042 545 4101 omnia
572 4063 621 4103 me
651 4044 779 4114 fallunt,
808 4042 841 4100 iu
859 4043 928 4103 loco
946 4045 1105 4106 Theocriti
1128 4044 1184 4120 21,
1212 4047 1247 4119 4,
1284 4069 1381 4128 quem

231 4143 299 4217 jam
319 4142 469 4202 Matthaei
492 4142 532 4202 ad
555 4142 727 4222 Clytaemn.
746 4143 767 4202 l.
791 4165 817 4203 ο.
839 4143 996 4220 laudavit,
1014 4147 1198 4208 revocanda·
1216 4147 1275 4207 erit
1298 4150 1380 4208 anti·

237 4241 325 4319 quior
345 4243 513 4305 distinctio:

401 4332 461 4402 ndo
480 4329 581 4421 όλλγον
604 4337 710 4417 νυκτός
732 4366 777 4418 τις
805 4335 1042 4428 ἐπιψαύσψσι
1064 4336 1130 4408 τόν
1152 4340 1292 4425 ύπνον,

400 4424 554 4499 αἰφνίδιον
577 4424 760 4505 θορνβεῦσιν
779 4424 970 4507 ἐφιστάμεναι
989 4430 1158 4515 palriciaco.
