2884 5184
403 422 514 470 arun
537 408 1183 469 clausurarum

31 495 33 540 ι

31 561 33 614 l

31 602 109 662 bus
132 598 203 657 nllr
236 609 269 658 et
292 617 376 671 nro,
412 596 494 657 unde
523 594 616 655 facile
644 604 701 655 etto
728 593 913 673 oriebatur.)
945 615 978 654 το
1005 616 1127 675 οιρχοιιοχ
1154 617 1185 656 ιιι

31 715 280 784 αποιιατεστησεν
310 720 362 758 τον
392 717 498 758 εαοτον
525 714 638 774 ιιοομον
665 696 749 776 (nam
774 718 866 775 cpro
895 697 918 756 k
944 706 979 757 ut
1005 699 1185 778 saepissime

31 867 32 878 χ
68 799 284 882 scriptumest.)

132 904 282 965 Videmus
315 902 436 982 itaque,
473 920 621 981 perquam
648 899 788 960 mutilata
820 909 850 961 et
878 910 1020 981 corrupta
1048 902 1186 962 codicem

31 997 33 1106 l
67 1008 127 1068 haee
146 1007 246 1067 verba
266 1023 420 1064 servasse.
454 1001 518 1062 Sed
541 1023 621 1083 quae
643 1011 747 1062 tamen
763 1002 835 1062 inde
849 1002 928 1062 lucri
942 1004 1086 1077 facimus,
1108 1005 1187 1063 haec

31 1113 33 1182 l
67 1129 120 1168 esse
139 1108 303 1167 ¹videntur.
347 1103 515 1165 Confirmat
543 1104 645 1165 codex
669 1106 834 1165 lectionem
856 1094 1086 1182 ἀποκατέστησε,
1116 1106 1186 1164 sim·

31 1187 33 1290 l
66 1208 125 1286 plici
142 1217 318 1289 augmento.
355 1206 524 1266 Praeterea
545 1227 600 1286 pro
619 1198 792 1288 ἐκκαθήρας
807 1227 889 1268 more
905 1205 1107 1285 seriorum*),
1129 1208 1189 1265 τῶν

31 1295 33 1300 ⁴
67 1313 176 1386 ιοινοῖν,
197 1310 307 1371 scribit
328 1301 509 1393 ἐκκαθάρας.

31 1429 33 1496 q
138 1411 202 1471 Sed
228 1411 288 1471 duo
314 1409 481 1490 praecipue
508 1409 540 1468 in
569 1408 722 1488 scriptura
749 1408 863 1470 codicis
884 1409 1122 1488 Regiomontani
1140 1428 1187 1468 re·

32 1573 33 1590 ἶ
66 1514 129 1590 spici
141 1521 309 1573 merentur.
331 1512 472 1571 Alterum
488 1518 544 1584 est,
560 1509 644 1592 quod
656 1531 711 1589 pro
729 1506 865 1583 ἐκπιέσας
876 1512 1002 1573 exhibet
1014 1511 1189 1582 elrllaacao‚

32 1655 33 1658 ,
66 1613 90 1672 h.
110 1635 135 1674 e.
163 1617 314 1685 ειιπλασας
340 1613 392 1673 vel
416 1627 575 1683 εαπαασοις.
619 1611 797 1673 Editionem
822 1632 896 1673 vero
916 1614 947 1672 Α
965 1613 1115 1693 praebere
1141 1607 1191 1670 ia-

32 1705 33 1708 *
67 1713 176 1791 παίσας,
204 1735 298 1795 supra
317 1716 384 1793 jam
413 1722 550 1772 notatum
576 1721 631 1773 est.
675 1713 774 1794 Atqui
793 1734 918 1788 vereor,
945 1723 980 1774 ut
999 1710 1136 1785 ίιιπιίσας
1157 1732 1191 1772 se

67 1816 134 1874 tueri
158 1816 268 1896 possit.
313 1815 483 1897 Optimum,
514 1814 612 1873 donec
634 1815 762 1876 meliora
784 1816 896 1900 aliquis
918 1816 1116 1897 excogitarit,
1144 1816 1190 1874 vi·

69 1916 144 1976 detur
164 1913 324 1994 ἕκπαίσας,
346 1919 372 1977 si
389 1937 496 1995 verum
511 1924 571 1989 est,
591 1915 672 1996 quod
688 1913 858 1981 Schneider
872 1920 904 1980 in
917 1921 1034 1980 Lexioo
1050 1918 1192 1989 affirmat,

69 2027 96 2075 ut
124 2007 299 2097 ὑπερπαίειν
327 2039 383 2099 pro
413 2007 610 2095 ὑπερβάλλειν
641 2014 917 2098 (quemadmodum
953 2021 1035 2099 apud
1063 2021 1192 2081 Lucian.

70 2119 170 2198 catapl.
191 2140 218 2178 c.
242 2116 292 2178 27.
320 2121 360 2179 Τ.
384 2120 412 2177 1.
439 2139 509 2199 pag.
533 2114 605 2177 297.
628 2118 761 2179 abdicat.
785 2141 811 2179 c.
837 2120 884 2178 15.
910 2122 949 2179 Τ.
976 2121 1003 2179 1.
1029 2141 1100 2200 pag.
1120 2118 1193 2179 496.

69 2220 182 2298 imagin.
205 2241 232 2279 o.
256 2218 286 2279 9.
311 2221 350 2279 Τ.
373 2218 403 2279 2.
432 2241 502 2300 pag.
526 2216 556 2277 8.
584 2219 745 2279 Heliodor.
765 2221 911 2302 Aethiop.
935 2223 971 2294 7,
996 2220 1026 2281 9.
1047 2242 1078 2301 p.
1098 2217 1194 2298 269),

70 2321 107 2379 sio
136 2317 268 2380 ἐκπαίειν
293 2342 348 2401 pro
375 2314 527 2401 ἐκβάλλειν
555 2340 726 2380 occurrere.
755 2355 797 2365 -
826 2321 967 2383 Alterum
991 2342 1082 2395 vero,
1115 2320 1197 2401 quod

69 2423 158 2500 magis
181 2424 274 2482 etiam
292 2423 406 2503 respici
424 2432 573 2496 meretur,
602 2431 663 2496 est,
693 2422 777 2504 quod
799 2422 899 2484 codex
921 2431 1028 2503 aperte
1051 2430 1082 2482 et
1105 2441 1194 2481 accu-

70 2525 193 2583 sativum
221 2516 363 2602 βοιίλησιν
389 2525 528 2605 praefert
556 2543 624 2581 oum
654 2521 728 2581 edit.
755 2523 803 2596 A,
836 2533 867 2583 et
892 2525 972 2584 inter
1001 2516 1144 2603 βούλησιν
1167 2532 1198 2583 et

70 2614 229 2704 ἇντερείπας
249 2624 326 2683 nihil
346 2625 525 2705 interponit.
558 2624 639 2682 Nam
660 2624 741 2683 inter
758 2625 815 2684 has
837 2646 930 2687 voces
948 2626 1026 2686 nihil
1045 2626 1198 2687 excidisse

31 2755 33 2772 ι
71 2726 300 2785 existimandum
328 2748 413 2801 esse,
445 2725 565 2808 patebit
591 2743 631 2784 ex
656 2725 709 2797 iis,
741 2747 821 2806 quae
850 2727 888 2787 de
917 2727 1061 2806 Sibyllin.
1090 2727 1198 2805 fragm.
1256 2769 1258 2771 -

71 2828 149 2908 apud
174 2829 317 2888 Lactant.
344 2828 413 2887 Lib.
446 2829 476 2886 7.
506 2846 574 2905 cap.
597 2823 647 2884 20.
679 2823 709 2901 ἕ.
735 2826 763 2885 1.
791 2824 821 2885 2.
852 2829 1074 2887 annotavimus.
1117 2827 1200 2884 Hinc

31 2929 32 2932 ’
72 2930 141 2988 mihi
164 2930 273 2988 saltem
299 2928 459 3007 probabile
490 2936 554 3000 est,
590 2928 755 3005 genuinam
781 2927 945 2987 lectionem
969 2947 1038 2988 esse
1069 2924 1121 2986 acl
1147 2917 1202 3003 τὴν

73 3027 172 3089 ἑαυτοῦ
192 3020 335 3107 βούλησιν
355 3017 521 3108 ἀντερείσαις
541 3030 578 3108 τῇ
598 3020 717 3106 οίταξίᾳ,
746 3030 790 3088 ita
813 3037 847 3087 ut
867 3024 997 3088 τοντίοτι
1016 3017 1049 3086 τὸ
1073 3015 1201 3104 ἀγαθὸν,

73 3131 152 3211 quod
171 3131 318 3191 exhibent
340 3130 412 3191 edit.
436 3121 519 3189 Aet
537 3128 578 3203 O,
603 3150 620 3189 e
643 3130 747 3207 glossa
770 3130 808 3189 ab
827 3131 913 3190 initio
934 3128 1126 3211 provenerit,
1147 3148 1200 3208 po·

73 3242 139 3292 stea
159 3234 191 3291 in
219 3234 280 3303 τοῖς
304 3224 446 3300 τοιούτοις
474 3218 507 3287 τὸ
527 3218 647 3308 ἀγαθὸν
667 3231 925 3292 transformatum.
968 3232 1081 3311 Neque
1100 3239 1203 3289 tamen

73 3333 191 3392 silentio
224 3330 483 3410 praetereundum
512 3340 574 3403 est,
609 3333 893 3410 interpretationem
919 3334 1077 3407 Latinam,
1112 3352 1204 3414 quam

75 3433 217 3492 exhibent
249 3450 353 3491 omnes
382 3440 445 3490 tres
473 3430 624 3493 editiones
655 3443 778 3494 veteres
806 3435 851 3509 A,
878 3436 920 3508 B,
945 3435 969 3496 O
998 3435 1205 3494 accusativum

74 3524 127 3610 τὴν
147 3524 287 3611 βούλησιν
305 3531 429 3612 quidem
454 3531 645 3608 confirmare,
667 3536 723 3595 sed
743 3538 776 3594 in
793 3535 896 3595 verbis
918 3536 1086 3612 interjectis
1104 3555 1205 3616 neque

77 3655 142 3693 oum
161 3642 286 3712 recepta
306 3633 440 3693 lectione
462 3652 563 3711 neque
587 3654 654 3693 cum
675 3636 740 3694 ulla
760 3636 822 3694 alia
845 3635 1028 3693 consentire.
1055 3635 1113 3692 Est
1132 3655 1206 3694 vero

75 3735 151 3793 hacc
175 3735 386 3813 interpretatio
415 3732 580 3812 ejusmodi:
610 3744 636 3792 et
658 3753 739 3794 οααιιι
758 3740 920 3797 uoluntatem
938 3740 967 3792 ιἰι
985 3737 1145 3809 hujusmodi
1161 3737 1207 3793 bo-

78 3855 142 3893 ιιιιιιι
162 3852 302 3912 opponens
320 3840 473 3914 temeritati.

411 4002 483 4060 Lm.
504 4002 593 4062 VIII.
623 4020 694 4062 oar.
715 4000 765 4061 24.
789 4001 819 4079 ἐ.
842 4001 872 4063 3.

163 4139 279 4208 „Melior
301 4139 474 4213 Chrysippus
495 4129 668 4211 (Catabana
697 4156 724 4194 c.
746 4135 798 4213 R.)
826 4154 905 4211 quem
928 4139 1023 4194 Cicero
1051 4139 1091 4196 uit
1109 4134 1212 4206 fulcire

78 4243 209 4310 porticum
238 4246 363 4315 (portum
390 4257 416 4296 o.
439 4235 491 4314 R.)
521 4240 689 4312 Stoicorum,
716 4242 765 4310 qui
788 4242 818 4294 ιἰι
846 4240 937 4305 litorio,
967 4252 1036 4310 quoa
1062 4238 1096 4292 de
1115 4239 1212 4308 provi-

85 4376 272 4389 ————--·

152 4451 176 4518 *)
192 4456 225 4506 V.
243 4425 370 4507 fascicul.
388 4454 431 4509 16.
449 4455 544 4505 harum
562 4455 793 4506 observationum.
810 4469 874 4519 pag.
894 4453 937 4505 10.
