2884 5184
315 464 427 525 raon
449 464 726 513 usossurwn
747 464 889 515 OBVIA.
1128 455 1165 517 81

29 645 105 695 sunt:
126 636 314 709 librarium,
337 655 405 692 oum
420 634 557 695 codicem
572 636 777 712 describeret,
794 637 870 698 duas
884 647 1053 719 postremas
1068 642 1167 703 lineas

29 736 161 795 Graecas
183 736 432 814 transposuisse.
467 734 589 816 Scripta
611 738 692 796 euim
714 747 786 797 sunt
803 740 882 798 haee
899 759 961 798 una
983 761 1051 800 oum
1072 742 1165 802 inter-

29 838 195 916 pretatione
220 838 355 908 Latina,
379 846 413 895 ut
434 838 496 895 iam
516 856 609 915 supra
631 838 779 913 diximus,
802 847 897 919 utque
917 839 957 899 ad
979 840 1013 914 1,
1037 841 1090 916 lo,
1115 842 1164 901 15.

29 938 162 1016 exemplo
187 938 449 1010 monstravimus,
478 938 511 995 in
528 937 645 998 duabus
670 940 808 1017 angustis
830 939 995 1013 columnis,
1019 942 1078 1001 hoe
1100 945 1164 1023 qui·

29 1037 87 1095 lem
104 1038 178 1098 loeo
204 1040 273 1097 ita:

282 1139 326 1197 fel
343 1138 440 1197 missu
773 1140 912 1221 kepaoao
967 1194 971 1199 .

283 1240 335 1299 isti
769 1259 896 1299 xoenue

29 1338 71 1397 ubi
96 1348 244 1417 apertum
266 1348 327 1411 est,
356 1339 436 1396 haee
457 1338 615 1417 transponi
638 1338 753 1398 debere
775 1329 866 1416 χολὴν
886 1335 1037 1419 saturae.
1081 1342 1164 1403 Hine

29 1460 140 1520 quoque
165 1440 373 1517 intelligitur,
403 1436 554 1517 quomodo
583 1437 698 1497 fautum
721 1439 776 1512 sit,
805 1448 839 1499 ut
865 1440 926 1514 ibi,
954 1440 1007 1499 ubi
1035 1439 1164 1503 Graecis

29 1538 165 1614 adjuncta
195 1539 415 1619 interpretatio
443 1538 556 1597 Latina
583 1540 753 1618 reperitur,
790 1539 876 1599 nullu
906 1541 989 1601 linea
1015 1541 1165 1601 exciderit

29 1640 54 1695 in
67 1637 217 1715 Graecis,
243 1661 314 1699 eum
336 1648 411 1720 quot
424 1639 605 1697 Latinarum
622 1659 733 1699 vocum
754 1639 857 1699 lineae
880 1650 999 1715 essent,
1020 1621 1073 1702 tot¹
1088 1664 1161 1722 quo-

29 1759 81 1818 que
107 1740 307 1801 Graecarum
340 1761 409 1800 esse
443 1739 607 1812 deberent,
642 1739 695 1800 ubi
728 1760 818 1821 vero,
850 1750 884 1800 ut
907 1741 984 1801 libro
1015 1743 1060 1816 7.,
1096 1745 1163 1803 sola

30 1838 143 1900 Graeca
172 1842 443 1915 describerentur,
476 1841 519 1900 ibi
545 1840 737 1921 frequentius
762 1840 865 1901 lineae
891 1840 1008 1922 aliquot
1031 1844 1161 1904 omissae

29 1938 95 2013 siut,
126 1943 213 2022 quod
244 1963 301 2002 suo
328 1943 398 2001 looo
425 1941 606 2001 videbimus.
651 1941 714 2001 Sed
743 1943 904 2003 redeamus
927 1942 967 2001 ad
988 1943 1091 2004 losum
1112 1944 1160 2004 Si·

30 2041 142 2118 byllae,
162 2046 233 2124 qui,
260 2042 367 2103 codiee
389 2052 492 2103 nostro
515 2042 610 2115 duee,
633 2042 676 2101 ita
698 2043 878 2105 scribendus
900 2042 1040 2104 videtur:

151 2133 293 2221 αὕτη
257 2165 316 2224 γαρ
337 2137 480 2224 δυσφρων
500 2132 552 2202 τὸν
574 2132 628 2202 σὸν
648 2134 725 2201 θεὸν
745 2133 800 2201 οὐκ
819 2135 941 2218 ἐνόησας

148 2234 288 2318 παίζοντ’
313 2243 345 2304 ἒν

149 2342 282 2422 ἔστεψας
305 2362 440 2427 στεφανῳ
462 2335 595 2421 φοβεμήν
614 2360 644 2399 τε
665 2330 808 2417 polipus
775 2337 808 2397 ἐκ
809 2337 943 2417 ἑρασσας

34 2441 128 2520 Juoge
153 2466 232 2506 vero
261 2435 439 2527 παράνομ’
421 2463 464 2501 απ
468 2432 655 2518 ’ἆκοὶνθης,
684 2438 939 2521 quemadmodum
959 2438 1109 2499 Herodot.
1131 2444 1161 2515 7,

34 2540 77 2599 65.
103 2536 207 2620 εἵματα
233 2534 296 2605 ἀπὸ
324 2536 422 2618 ξύλων
447 2539 629 2618 πεποιημένα
652 2541 697 2621 (et
717 2540 841 2601 Aelian.
864 2540 903 2600 V.
924 2539 968 2602 H,
990 2538 1024 2615 3,
1047 2543 1074 2598 1.
1099 2537 1162 2599 στέ-

36 2661 119 2714 φανος
139 2635 201 2708 ἆπὸ
223 2647 278 2724 τῆς
300 2636 438 2720 δάφνης).
480 2643 593 2722 Neque
616 2642 706 2702 aliter
729 2643 793 2721 legi
815 2627 963 2712 debebat,
992 2640 1074 2720 quod
1092 2641 1159 2700 vul·

35 2744 110 2814 garis
134 2747 283 2827 exempla
306 2743 462 2802 habebant
488 2733 563 2801 oilli
591 2731 624 2799 κ’
648 2735 803 2819 ἀκάνθης,
831 2752 903 2802 nota
923 2744 984 2800 iam
1002 2741 1159 2800 literarum
1177 2759 1203 2800 4ο

37 2860 52 2896 κ
71 2852 99 2901 et
115 2864 137 2902 π
159 2846 354 2905 confusione.

378 3008 449 3066 Lm.
470 3007 527 3067 IV.
557 3005 805 3081 ors.19.§.5.

112 3146 200 3215 „Item
223 3147 396 3203 Hieremias:
422 3143 558 3197 eoewrrito
584 3149 639 3212 est,
667 3159 739 3216 quoe
756 3145 888 3216 paritet
913 3126 1015 3197 tueduit
1042 3141 1162 3195 animum

39 3247 60 3293 tl
80 3245 172 3303 ubisit
205 3252 248 3320 (et
272 3246 397 3302 occubuit
421 3239 488 3299 sod.
512 3238 564 3317 R.)
593 3245 636 3299 sol
667 3247 706 3313 ei,
744 3259 828 3315 quum
856 3241 948 3297 adhue
972 3243 1077 3297 medius
1104 3222 1170 3296 dies

39 3350 112 3413 esset,
138 3350 259 3421 confusa
288 3350 438 3417 (conctusa
456 3340 524 3400 eod.
546 3340 599 3418 R.)
628 3351 668 3401 est
688 3350 714 3399 et
733 3344 893 3412 maledicto,
922 3344 1041 3416 relapsos
1067 3356 1162 3397 eorum

41 3439 63 3492 in
88 3446 205 3513 alodiam
231 3448 301 3504 dubo
329 3450 358 3503 in
379 3452 526 3517 conspectu
546 3446 719 3502 inimieorum
741 3459 836 3500 eorum
863 3448 1000 3513 (meorum
1018 3440 1085 3499 eod.
1107 3437 1160 3514 R.)

43 3537 72 3592 Εί
92 3542 207 3617 Sibylla:

155 3650 230 3705 ναοῦ
252 3642 284 3704 δὲ
304 3637 497 3723 σχισθήσεται
513 3637 665 3714 πέτασμα,
690 3635 741 3695 καὶ
762 3631 851 3715 ἤματι
871 3636 970 3719 μέσσῳ

155 3735 209 3818 vd}
231 3744 310 3804 ἔσται
331 3736 488 3804 σκοτόεσσο
509 3731 652 3818 πελώριος
672 3733 704 3795 ἐν
725 3734 822 3814 τρισὶν
844 3729 966 3813 ὥραιςέ(

44 3832 124 3897 Edita
137 3843 291 3905 Laetantii
315 3844 505 3923 exemplaria
526 3840 605 3899 nihil
622 3837 754 3896 variant.
788 3837 825 3894 In
841 3834 1003 3912 Sibyllinis
1018 3834 1161 3910 leguntur

44 3930 72 3989 hl
95 3938 150 3999 duo
181 3966 288 4004 versus
318 3945 347 4004 8.
377 3966 407 4003 v.
436 3942 507 4002 305.
536 3962 598 4020 sq.,
632 3938 734 3996 statim
761 3945 831 4016 post
860 3935 936 3995 duos
964 3933 1050 4004 illos,
1085 3950 1162 4011 quos

47 4050 126 4112 supra
145 4042 192 4120 (4,
216 4043 270 4118 18,
297 4044 358 4123 19.)
380 4043 556 4113 habuimus,
583 4039 639 4099 sed
656 4038 716 4096 hoo
738 4034 842 4094 modo:

160 4148 234 4204 ναοῦ
255 4147 365 4228 σχισθη
384 4139 601 4217 καταπέτασμα.
621 4160 648 4196 κ
672 4157 697 4194 τ
720 4137 747 4195 λ.

50 4227 148 4312 SedI,
169 4237 247 4304 11
219 4267 252 4305 το
272 4241 494 4318 καταπέτασμα,
520 4242 574 4300 ubi
595 4236 733 4312 Betuleji
752 4234 830 4292 haee
852 4242 899 4291 est
920 4241 993 4290 nota
1014 4201 1165 4304 „Soansio

53 4341 186 4403 ⁰⁰11⁸tabit
211 4354 332 4418 nostra,
363 4347 390 4404 si
417 4345 450 4402 in
467 4343 558 4402 tertio
580 4340 647 4399 looo
669 4334 904 4416 proceleusmat
895 4352 975 4390 rcum
994 4331 1163 4389 admiseris

52 4428 131 4509 ‘llud
150 4443 342 4505 Lactantium
363 4444 501 4503 sublatus
524 4438 669 4499 articulus
692 4435 884 4493 scansionem
906 4439 1000 4490 totam
1022 4432 1164 4488 intertum-¹

99 4553 232 4620 treuva,
257 4562 371 4604 opusc.
395 4561 463 4602 ssu.
487 4560 509 4599 1.
937 4530 956 4591 6
