2884 5184
396 482 508 529 nunu
537 481 830 531 nncnsunnuu.
1104 479 1163 538 149

58 660 160 737 agnosci,
193 660 236 718 ita
269 670 307 720 ut
337 660 375 719 ab
405 657 509 737 aliquo
536 653 700 713 substituta
729 658 869 737 putanda
895 660 949 735 sit,
986 664 1054 744 qui,
1093 685 1161 724 cum

57 762 142 822 Graeca
158 763 262 840 legere
284 784 350 822 non
368 768 487 841 posset,
505 765 663 837 utcunque
686 778 725 818 ea
745 761 894 841 explevit.

110 864 216 924 lineae
247 866 372 945 quinta,
399 867 505 930 sexta,
534 858 679 937 septima,
709 880 778 919 cum
807 871 895 941 parte
924 872 1053 924 octavae
1081 865 1159 926 haec

53 966 185 1023 continent:
214 969 261 1023 dei
286 979 386 1022 nomeu
412 978 467 1017 uon
489 968 582 1034 potest
606 978 656 1019 ure
675 963 815 1021 hominum
834 962 933 1042 suri*)
955 983 988 1023 το
1009 984 1103 1041 ονομα
1123 986 1160 1027 ου

35 1065 125 1142 1ίυααι
149 1070 310 1144 αυθρωοου
340 1080 402 1137 upon
427 1076 536 1136 στοματ
561 1062 756 1138 ίαληθηυαυ,
782 1063 836 1124 ubi
861 1062 983 1125 Graeca
1012 1066 1104 1126 facile
1126 1069 1158 1127 in

35 1149 151 1232 londinum
165 1163 264 1239 redigi
277 1169 422 1239 possunt,
442 1162 468 1220 si
484 1161 675 1236 memineris,
698 1185 761 1244 υρο
776 1176 1011 1245 repraesentare
1027 1166 1159 1227 mediam

35 1266 162 1345 ¹syllabam
181 1263 269 1321 vocis
285 1262 502 1339 praecedentis
519 1251 686 1343 ανθρώπου
699 1286 773 1326 casu
789 1266 836 1327 bis
852 1268 1007 1349 scriptam.
1043 1252 1158 1329 Vanum

35 1361 62 1424 'si
77 1367 199 1423 Lsfinam
219 1363 511 1442 interpretationem
533 1364 715 1425 contuleris:
740 1371 785 1427 dei
804 1388 903 1428 nomeu
924 1389 979 1429 uon
995 1379 1156 1446 potcstetc.

44 1485 87 1523 non
102 1464 205 1540 injuria
226 1465 412 1545 suspiceris,
435 1465 595 1525 librarium
615 1466 730 1545 legisse
754 1455 787 1527 τὸ
807 1460 901 1546 ὄνομα
921 1475 966 1531 ao
986 1473 1006 1531 i.
1032 1494 1060 1533 e.
1082 1462 1158 1531 θεοῦ

43 1555 190 1623 silium
208 1574 271 1625 etc.
318 1565 382 1626 sen
401 1586 510 1626 sensus
532 1568 682 1645 postulat,
703 1579 738 1628 ut
759 1571 877 1631 nonde
897 1571 955 1631 deo
979 1575 1155 1651 cogitemus,

43 1662 81 1720 ned
98 1662 130 1722 de
156 1664 205 1725 dei
233 1667 312 1726 filio.
358 1669 455 1728 Recte
484 1667 589 1747 itaque
617 1689 651 1728 se
675 1670 769 1731 habet
798 1672 925 1750 vulgata
948 1659 986 1733 οὗ
1012 1664 1045 1734 τὸ
1062 1666 1157 1751 ὄνομα

42 1756 130 1823 sicto.
170 1767 311 1828 Primam
340 1770 446 1850 itaque
469 1778 588 1850 partem
617 1771 708 1849 hujus
737 1772 900 1850 fragmenti
919 1776 1090 1837 Hermetici
1110 1777 1155 1836 sic

42 1873 101 1924 recte
120 1867 203 1927 nobis
225 1872 424 1931 constituisse
446 1870 602 1930 videmur:

101 1965 185 2040 αἴτιος
213 1966 248 2029 δὲ
277 1964 385 2033 τούτου
408 1974 461 2031 τοῦ
484 1969 579 2031 αἰτίου
602 1965 622 2052 ἡ
643 1974 696 2032 τοῦ
713 1972 801 2035 θείου
822 1973 873 2035 καί
894 1965 1058 2057 ἆγευυήτου
1080 1966 1155 2057 ἄγα-

44 2068 86 2124 uo
98 2068 229 2147 βούλησις
245 2114 435 2132 ........
453 2060 491 2132 οὗ
508 2063 541 2133 τὸ
561 2066 656 2152 ὄνομα
672 2065 708 2134 οὗ
724 2070 849 2134 δυύαται
864 2069 1030 2156 ἀνθρώπου
1045 2076 1083 2155 (s.
1100 2070 1154 2137 ἆν-

43 2168 213 2253 θροοίυῳ**)
235 2166 362 2250 στόματι
383 2175 562 2250 λαληθῆναι.

104 2270 207 2333 Cetera
233 2277 303 2354 jam
331 2275 472 2334 faciliosa
503 2286 583 2335 sunt.
634 2276 763 2347 Latina,
800 2294 881 2355 quae
916 2273 1016 2333 codex
1050 2275 1153 2350 habet,

43 2374 172 2451 perspicua
192 2386 281 2454 snnt3
306 2376 428 2438 Graeca
450 2379 482 2436 iu
503 2377 585 2436 hunc
603 2375 726 2435 modum
746 2373 894 2452 legenda:

104 2489 174 2535 εστιν
197 2500 258 2558 γαρ
286 2500 332 2550 τις
360 2499 383 2537 ω
404 2497 509 2537 τεκνον
537 2497 702 2557 ααορρητος
729 2478 815 2554 loyce
834 2491 942 2551 σοφιας
964 2495 1046 2548 ουιος
1064 2490 1155 2550 assos,-

44 2589 90 2649 stu
107 2596 154 2635 του
180 2599 278 2654 μουου
304 2601 348 2639 uu
368 2585 489 2639 ausim
508 2600 560 2638 suu
578 2597 832 2656 προευνοουμευου
851 2581 896 2638 tu
917 2598 954 2637 ου
974 2597 1066 2638 euntem
1088 2598 1155 2659 οπερ

45 2677 175 2754 vicanos
201 2697 263 2742 εστι
269 2702 277 2755 ;
306 2681 388 2761 quod
408 2682 566 2759 vulgatam
586 2680 752 2740 lectionem
772 2681 805 2739 in
826 2680 964 2741 omnibus
987 2681 1153 2755 coufirmat,

44 2775 174 2859 iniquos
195 2794 268 2863 post
287 2780 348 2842 ἔστι
368 2784 400 2841 in
421 2782 508 2841 initio
532 2801 600 2840 cum
619 2781 776 2840 veteribus
799 2781 983 2841 editionibus
998 2792 1081 2843 recte
1095 2771 1154 2863 γὰρ

44 2875 116 2952 addit,
135 2885 280 2966 quodque
301 2893 385 2945 recte
407 2877 662 2963 προενυοουμέυου
684 2883 759 2940 θεοῦ
776 2902 832 2961 pro
855 2881 961 2959 κυρίου
977 2882 1072 2959 ponit.
1116 2883 1153 2940 In

44 2980 140 3041 vocibus
166 3006 252 3057 ουιος
273 2999 365 3056 οοιοις
386 2992 440 3044 aut
464 3003 568 3044 errore
592 2982 702 3041 calami
723 2972 803 3052 ὅσιος
821 2981 869 3040 bis
892 2982 1036 3060 scriptum
1058 3001 1151 3058 agno-

45 3097 103 3154 sces,
122 3093 184 3158 aut,
208 3087 294 3167 quod
312 3085 470 3166 praefero,
490 3085 577 3161 leges
599 3074 680 3154 ὅσιος
700 3073 801 3152 ὁσίοις.

478 3220 575 3312 nnis.
601 3250 631 3327 e.
656 3252 686 3309 n.

106 3388 227 3452 „Verum
245 3393 372 3464 quonium
387 3389 490 3445 Graeci
501 3396 606 3447 ueteres
620 3384 756 3465 χρίεσθαι
772 3385 975 3466 (expensatum
991 3386 1056 3445 cod.
1072 3387 1150 3463 Reg.

45 3479 58 3536 i·
74 3503 94 3541 c.
112 3491 284 3564 εχρειεσθαι)
308 3490 433 3546 suebum
450 3492 527 3563 uupi,
556 3490 630 3563 quod
648 3507 724 3547 nuuc
743 3477 920 3563 ἀλείφεσθαι
943 3486 1154 3563 (aaeicbeoeon

47 3582 93 3640 on
109 3586 182 3665 Reg.
200 3591 222 3646 i.
246 3609 273 3647 e.
295 3573 504 3664 ἀλείφεσθαι),
532 3594 602 3649 siem
620 3592 725 3647 iudicat
740 3591 906 3646 Homericum
927 3583 1058 3674 (Homeri
1085 3584 1151 3643 cod.

46 3677 111 3763 Rtg.)
131 3707 226 3749 versus
246 3693 306 3747 itte:

97 3823 100 3828 Δ
181 3777 290 3858 αὖτοὺς
318 3783 350 3847 tl
374 3785 471 3865 δμωαὶ
499 3790 610 3847 totum
638 3786 689 3848 καί
717 3789 823 3864 χρῐοαυ
844 3772 950 3865 ἐλαίῳ

46 3880 143 3944 tlmune
161 3894 300 3949 rationem
320 3907 371 3947 uos
393 3907 453 3946 eum
475 3893 611 3949 Christum
636 3888 723 3969 (xpm
745 3908 771 3945 c.
786 3887 823 3945 R.
845 3891 863 3943 i.
886 3902 910 3942 e.
932 3904 1003 3961 χρμ,
1025 3899 1152 3955 compen-

49 3979 78 4036 l1'0
88 3991 218 4062 scopum)
239 4008 446 4064 nuncupamus,
469 3995 487 4047 ι’.
502 4008 527 4048 ο.
547 3998 671 4057 unctum,
694 3993 743 4064 qui
755 3990 894 4045 Hebraico
908 3988 1027 4044 Messius
1042 3986 1152 4040 dicitur.

51 4135 229 4157 x—

109 4251 134 4317 *)
150 4257 202 4309 Ubi
219 4259 370 4308 notandum
389 4274 496 4324 quoque
511 4258 570 4320 furi
586 4257 697 4323 passive
715 4257 844 4321 positum.

97 4335 135 4405 '‘*l
148 4344 243 4396 Potest
266 4346 337 4394 enim
360 4360 467 4409 quoquc
485 4344 557 4409 fieri,
581 4348 613 4392 ut
630 4343 766 4408 scriptura
784 4341 886 4390 codicis
904 4338 992 4388 nostri
1009 4333 1152 4398 αυθρωπυ

52 4423 102 4479 'lli
118 4440 190 4490 quam
207 4431 261 4480 alio
280 4430 360 4481 modo
379 4435 461 4481 antea
479 4428 670 4494 explicuimus,
691 4427 841 4492 depravata
859 4425 896 4475 sit
914 4441 947 4475 ex
965 4413 1154 4490 ἀνθρωπίνῳ,

52 4509 99 4557 illi
113 4509 217 4577 vulgata
235 4519 277 4564 est
293 4515 385 4566 lectio.
793 4507 795 4510 ’
936 4506 939 4511 ’
