2884 5184
257 463 362 511 XXXII
571 459 655 506 vm
680 459 759 507 CAR,
781 460 913 508 LUDOV.
937 456 1081 508 STRUVE.

256 640 447 719 parentum,
469 631 527 716 qui
549 629 635 695 filios
659 652 736 695 suos
756 635 787 696 ei
813 634 1060 712 commiserant,
1091 650 1233 693 amorem
1265 637 1302 691 et
1340 649 1412 713 gra-

255 734 337 795 tiam
365 730 551 812 obtinebat,
581 740 692 794 tamen
721 753 796 795 cum
823 733 1021 815 magistratu
1048 730 1142 795 urbis
1171 730 1280 815 iisque
1312 727 1413 807 viris,

257 828 377 916 quibus
397 829 503 913 prima
523 827 613 891 illius
636 828 768 892 scholae
786 850 867 892 cura
888 828 1010 892 tradita
1028 837 1099 892 erat
1105 849 1243 916 ,parum
1264 847 1414 890 consen-

255 929 371 991 tiebat.
428 927 533 1013 Oujus
566 927 785 992 dissensionis
817 948 917 992 causa
950 936 1038 991 certe
1071 930 1106 991 in
1139 938 1279 1011 utraque
1313 934 1414 1012 parte

257 1036 337 1090 erat.
382 1028 487 1115 Saepe
509 1027 646 1108 Struve,
674 1050 775 1112 quum
801 1050 887 1093 novo
917 1026 1047 1090 scholae
1069 1028 1270 1090 incremento
1297 1025 1414 1090 subsi-

256 1127 312 1190 dia
332 1149 448 1213 parare
467 1128 630 1210 studeret,
655 1149 747 1191 aeres
768 1149 876 1212 neque
895 1127 1024 1191 idoneis
1046 1127 1155 1190 causis
1174 1124 1341 1212 probatas
1364 1146 1414 1188 re-

257 1226 369 1311 pulsas
391 1226 519 1290 ferebat
548 1248 568 1289 a
596 1228 808 1311 magistratu,
837 1226 932 1311 eujus
958 1246 1121 1289 consensu
1146 1224 1293 1286 maxime
1325 1244 1413 1310 opus

256 1333 326 1389 erat
344 1326 387 1388 ad
409 1347 461 1389 res
485 1325 546 1388 has
568 1324 786 1412 peragendas.
831 1324 914 1387 Inde
938 1323 1083 1388 studium
1107 1332 1139 1387 61
1172 1324 1223 1388 ira
1243 1323 1412 1386 nasceba-
1437 1350 1438 1355 ¹

256 1434 311 1488 tur
343 1434 375 1487 et
404 1432 531 1487 tantum
555 1423 686 1504 aberat,
724 1431 762 1485 ut
789 1443 930 1508 aequum
951 1444 989 1486 ae
1016 1422 1228 1509 tranquillum
1254 1423 1412 1485 animum

255 1525 394 1588 aliorum
420 1522 585 1604 inscitiae,
608 1543 686 1585 mox
708 1521 1005 1586 machinationibus
1028 1531 1223 1609 opponeret,
1252 1530 1292 1585 ut
1318 1541 1410 1584 ama-

255 1627 303 1688 ris
331 1623 427 1688 dietis
457 1620 627 1707 literisque
652 1623 758 1706 magis
789 1622 887 1684 etiam
916 1643 971 1685 eos
1001 1623 1178 1686 lacesseret
1205 1630 1239 1685 et
1267 1641 1410 1684 exacer-

256 1725 360 1798 baret.
413 1720 669 1805 Nonnunquam,
703 1743 804 1807 quum
836 1721 989 1804 videbat,
1024 1721 1138 1786 deesse
1169 1722 1409 1806 magistratum

256 1820 432 1908 propositis
455 1818 527 1902 ejus
550 1821 776 1903 gravissimis,
807 1820 850 1884 ad
879 1826 1040 1904 summos,
1068 1823 1126 1908 qui
1152 1820 1301 1885 Berolini
1331 1842 1408 1884 oon·

258 1920 364 1985 stituti
392 1927 499 2000 erant,
527 1919 667 1983 arbitros
698 1942 768 1983 rem
796 1919 967 1985 deferebat
991 1931 1024 1986 et
1050 1923 1243 1986 auctoritate
1272 1920 1407 1994 horum,

257 2022 314 2106 qui
334 2021 479 2083 animum
501 2017 573 2102 ejus
597 2019 773 2104 impigrum
801 2040 840 2082 ao
869 2027 1037 2082 strenuum
1065 2028 1271 2106 perspectum
1302 2018 1407 2082 habe·

256 2121 355 2200 bant,
378 2139 434 2200 ea,
457 2138 542 2202 quae
568 2115 689 2199 voluit,
719 2116 917 2202 perferebat.
963 2117 1030 2181 Sed
1057 2139 1096 2181 ea
1123 2116 1244 2202 agendi
1271 2119 1406 2182 ratione

256 2222 401 2285 virorum
430 2217 559 2280 illorum
591 2217 717 2280 animos
750 2217 848 2303 plane
877 2238 897 2281 a
926 2240 961 2281 se
994 2217 1130 2300 avertit,
1160 2226 1192 2280 et
1222 2218 1407 2303 postremis

257 2324 345 2388 vitae
370 2320 465 2383 anuis
488 2340 562 2381 curn
585 2339 703 2402 magno
727 2339 785 2382 suo
806 2326 839 2381 et
858 2317 988 2382 scholae
1004 2317 1199 2383 detrimento
1219 2319 1311 2382 omni
1334 2318 1408 2381 fere

257 2443 368 2487 eorum
389 2418 513 2483 auxilio
534 2418 684 2504 privatus
706 2426 786 2482 erat.

345 2578 438 2641 Intra
467 2577 660 2640 vicesimum
691 2583 724 2637 et
752 2576 953 2639 tricesimum
983 2575 1082 2662 hujus
1116 2575 1239 2639 saeculi
1274 2597 1405 2639 annum

256 2677 422 2744 uberrima
446 2675 571 2738 Struvii
592 2673 747 2760 periodus
770 2674 896 2739 incidit.
928 2675 975 2738 Ut
996 2676 1066 2740 sola
1087 2676 1220 2762 majoris
1241 2678 1407 2739 momenti

259 2779 380 2864 scripta
402 2796 607 2857 enumerem,
632 2796 661 2838 a.
694 2776 786 2838 18211.
809 2796 918 2839 acrem
945 2797 1115 2840 censuram
1145 2776 1349 2840 detectorum
1371 2784 1406 2838 et

258 2878 421 2942 editorum
446 2873 488 2937 ab
511 2872 640 2958 Angelo
662 2873 752 2960 Majo
783 2874 1039 2959 fragmentorum
1066 2875 1221 2962 Dionysii
1248 2875 1403 2938 Halicar-

256 2978 365 3042 nassei
389 2975 584 3060 conscripsit
609 2972 735 3061 [Progr.
760 2973 860 3062 XV.],
878 2997 975 3061 quarn
997 2984 1110 3061 postea
1133 2975 1286 3039 secundis
1309 2978 1403 3039 curis

259 3085 389 3140 auctam
412 3074 517 3138 edidit
538 3076 572 3136 in
592 3073 706 3137 Jahnii
727 3083 760 3137 et
772 3073 927 3136 Seebodii
948 3073 1081 3137 Annall.
1102 3071 1219 3136 Philol.
1245 3074 1339 3137 1828.
1359 3073 1401 3138 Τ.

258 3174 336 3237 VII.
358 3173 454 3235 Fasc.
479 3171 538 3233 IV.
566 3170 692 3234 Eodem
714 3170 771 3233 illo
794 3192 880 3235 anno
905 3174 996 3235 18211.
1020 3171 1142 3258 prodiit
1163 3171 1277 3257 Progr.
1301 3172 1400 3237 XVI.

257 3274 298 3335 de
321 3270 450 3354 legibus
473 3269 654 3354 prosodiois
674 3280 707 3332 et
733 3254 898 3353 metricis:
924 3292 1006 3356 quas
1033 3273 1172 3336 seriores
1195 3271 1400 3338 Graecorum

191 3448 195 3453 μ
255 3367 483 3454 iambographi
506 3368 610 3431 secuti
633 3377 718 3431 sunt.
756 3368 838 3433 Inde
860 3369 902 3432 ab
925 3392 954 3434 a.
981 3373 1157 3435 1822-21
1181 3382 1305 3458 septem
1324 3395 1400 3458 pro·

257 3472 439 3549 grammata
468 3464 642 3548 evulgavit
670 3466 711 3529 de
739 3467 932 3551 fragmentis
961 3472 1155 3557 scriptorum
1184 3469 1400 3551 Graecorum,

256 3585 341 3649 quae
378 3561 467 3648 apud
499 3561 708 3627 Lactantium
740 3567 962 3651 reperiuntur3
1000 3570 1118 3655 quibus
1151 3569 1401 3640 adnumeranda

256 3664 373 3747 Progr.
395 3660 489 3724 VIII.
513 3683 543 3725 a.
569 3663 660 3726 1817.
683 3663 724 3727 de
746 3664 941 3750 fragmentis
954 3668 1142 3754 Sibyllinis,
1163 3691 1247 3754 quae
1267 3670 1302 3732 in
1312 3669 1398 3732 Lac-

254 3764 358 3826 tantio
381 3770 458 3825 sunt
481 3762 628 3843 obviam,
649 3771 681 3826 et
703 3762 818 3849 Progr.
843 3765 887 3828 X.
910 3788 940 3830 a.
970 3767 1077 3849 1818,
1101 3768 1137 3831 in
1160 3788 1224 3852 quo
1248 3766 1288 3829 de
1306 3765 1397 3849 frag-

254 3863 372 3925 mentis
386 3860 522 3925 Graecis
546 3883 588 3925 ex
599 3861 765 3927 Lactantii
784 3864 868 3930 libro
892 3867 933 3930 de
955 3866 1010 3931 Ira
1029 3865 1194 3931 disseruit.
1234 3862 1289 3926 Ad
1310 3863 1395 3927 haee

255 3961 365 4025 studia
396 3963 538 4024 maxime
570 3983 644 4025 eum
678 3976 874 4030 evocaverat
901 3967 1053 4051 egregius
1085 3965 1190 4029 codex
1217 3963 1396 4045 Lactantii,

255 4062 312 4147 qui
335 4062 370 4123 in
391 4058 591 4123 bibliotheca
612 4061 729 4125 urbica
750 4075 952 4149 asservatur,
982 4067 1101 4152 quique
1124 4087 1168 4128 ex
1185 4062 1301 4126 Patrui
1323 4062 1395 4148 opi-

253 4161 351 4223 nione
373 4157 513 4220 Puteani
534 4157 647 4222 codice
667 4183 734 4225 non
755 4174 806 4227 est
829 4164 981 4229 deterior.
1025 4162 1135 4226 Etiam
1155 4163 1293 4226 Sextum
1316 4160 1394 4223 Em-

253 4258 412 4340 pirioum,
434 4255 528 4339 eujus
551 4257 709 4322 eximium
738 4263 886 4326 codicem
916 4265 950 4327 in
978 4260 1091 4325 eadem
1118 4258 1319 4325 bibliotheca
1344 4281 1394 4323 re-

253 4362 384 4435 pertum
402 4362 554 4416 accurate
576 4357 759 4422 contulerat
780 4381 854 4423 cum
874 4362 1017 4424 editione
1047 4359 1287 4446 Stephaniana,
1309 4380 1394 4421 com-

252 4450 378 4531 paratis
399 4450 536 4511 aliorum
555 4451 704 4516 codicum
728 4457 902 4540 subsidiis,
925 4456 1021 4519 edere
1043 4459 1077 4520 in
1101 4459 1209 4522 animo
1230 4467 1310 4521 erat.
1336 4460 1393 4522 At-
