2884 5184
421 477 597 526 urruns
619 479 786 527 rursus.
1108 469 1169 531 159

59 647 261 710 Wernsdorfius
288 653 383 711 vertit
408 655 565 713 Ιιοοίίοοαίο
590 656 771 717 arteman,-
795 651 877 712 idem
905 644 1050 730 οιτιστᾶς,
1077 677 1168 738 quam

56 771 137 809 rocem
161 752 290 811 lexicon
322 752 504 815 Schneideri
532 775 572 814 ex
600 754 673 813 solis
703 753 813 832 glossis
842 755 992 835 Stephani
1019 759 1167 836 agnoscit,

57 858 155 911 οίαναοο
173 855 286 928 vertit,
309 855 387 914 nihil
408 857 440 914 in
461 857 542 915 notis
559 855 776 934 explicationis
793 875 887 915 causa
905 856 1032 917 addens.
1069 860 1165 940 Equi·

55 953 105 1012 dem
122 955 236 1029 fateor,
261 976 310 1016 me
330 958 467 1031 nescire,
490 956 565 1038 quid
584 965 746 1038 utrumque
760 958 816 1033 sit;
837 977 909 1016 nam
924 957 963 1018 de
978 953 1168 1041 ννίινδήθρα

54 1075 71 1110 s.
91 1043 258 1135 ἇίινδήθρα
281 1058 410 1134 eogitari
434 1059 551 1139 nequit.
595 1059 698 1118 Etiam
719 1078 843 1117 versum
866 1067 1046 1140 sequentem
1066 1052 1168 1137 μήπου

53 1176 84 1224 ος
99 1144 218 1232 αὐχῶν
243 1147 437 1236 disperde
456 1149 589 1243 yoyyv'op
608 1180 676 1219 eum
690 1159 917 1220 Wemsdorfius
930 1162 1165 1239 interpretetur:

52 1275 77 1312 νο
90 1263 144 1331 quis
160 1264 328 1318 moerorum
342 1264 479 1335 neglectus
492 1273 659 1335 murmuret,
680 1283 736 1342 pro
752 1251 852 1338 cdxciv
865 1261 995 1321 fortasse
1017 1252 1061 1320 ud
1070 1266 1168 1339 χμῶν

52 1355 142 1433 legisse
160 1359 303 1437 videtur3
326 1382 432 1421 verum
452 1350 606 1442 ἦλαγηνῶς
627 1384 689 1422 non
705 1372 752 1422 est
766 1350 955 1440 ἦίογημένος.
992 1361 1055 1439 Qui
1068 1366 1165 1441 magis

52 1458 171 1519 inrehus
187 1462 374 1541 Byzantinis
390 1465 507 1523 versati
520 1473 604 1537 suut,
624 1483 715 1544 quam
733 1484 804 1537 nos,
825 1464 881 1522 hos
904 1472 935 1522 et
950 1463 1065 1523 similes
1080 1464 1165 1524 locos

51 1558 132 1617 forsan
150 1564 332 1643 expedient.
352 1598 394 1607 -
416 1563 445 1637 5,
465 1562 537 1624 308.
559 1586 590 1643 p.
614 1563 683 1624 166.

194 1660 262 1741 έμοί
284 1664 369 1741 φίίος
386 1669 456 1738 παῖς
476 1662 509 1724 ἐν
530 1654 626 1745 τριχὸς
646 1657 924 1745 πρωτοκρόνοο.

53 1759 261 1825 Wernsdorfius
287 1760 493 1848 προποχρόνοα
524 1767 683 1841 emendat,
720 1766 803 1848 quod
831 1767 956 1827 lexicon
984 1766 1166 1828 Schneideri

53 1862 120 1921 effert
148 1886 187 1925 ex
218 1868 329 1945 glossis
357 1867 522 1948 Stephani,
551 1868 591 1927 cf.
622 1866 737 1947 Georg.
765 1868 861 1928 Pisid.
889 1869 1043 1929 Hexaem.
1073 1867 1165 1930 1168.

53 1962 135 2044 lique
150 1969 277 2048 saepius
294 1971 359 2047 jam
373 1970 519 2043 vidimus,
542 1971 574 2028 in
587 1969 697 2028 Philae
715 1970 899 2030 carminibus
914 1972 1044 2050 reperiri
1060 1981 1164 2031 aucto·

54 2065 150 2126 ritatem
181 2090 288 2129 earum
316 2091 441 2145 vocum,
471 2091 547 2152 quas
575 2071 661 2130 solae
680 2071 740 2129 hae
762 2071 884 2148 glossae
905 2072 1050 2145 offerunt,
1078 2082 1165 2132 utet

54 2163 97 2223 hoc
115 2168 182 2229 loeo
206 2192 244 2231 eo
266 2173 443 2252 respexisse
462 2173 561 2234 videri
581 2173 688 2252 possit.
727 2169 819 2247 Quod
833 2172 865 2229 ni
880 2180 977 2244 esset,
999 2171 1165 2231 scriberem

54 2263 291 2347 προτοχνόον,
322 2273 405 2355 quod
431 2274 523 2353 longe
546 2274 647 2353 aptius
666 2270 803 2345 videtur3
833 2270 873 2329 cf.
896 2269 925 2343 5,
949 2269 1020 2330 274.
1038 2293 1068 2350 p.
1094 2268 1164 2331 162.

55 2397 85 2408 -
102 2368 127 2427 6.
152 2392 184 2450 p.
215 2370 287 2433 240.
336 2375 374 2433 In
399 2376 599 2455 inscriptione
628 2371 853 2452 epigrammatis
882 2372 963 2430 sexti
992 2382 1165 2451 corruptum

55 2464 85 2535 rh
102 2460 152 2546 τὴν
177 2474 395 2554 μαροβίηοί
403 2497 447 2535 αν
473 2486 558 2535 recte
581 2472 810 2534 Wemsdorfius
841 2471 1016 2532 emendarit
1042 2471 1083 2544 είς
1110 2460 1166 2550 τὴν

56 2573 314 2653 supertectus,
338 2576 591 2658 quemadmodum
613 2576 704 2636 etiam
726 2575 755 2649 6,
781 2575 807 2634 1.
830 2596 861 2655 p.
883 2571 955 2634 236.
983 2573 1165 2656 Corruptum

55 2666 232 2752 ένρθβλήτης,
259 2678 326 2751 ubi,
346 2678 428 2760 quod
449 2676 677 2738 Wernsdorfius
700 2678 743 2736 ait
762 2668 948 2755 μνροβλήτης
967 2698 1036 2737 esse
1059 2687 1165 2737 contra

55 2779 176 2849 uenum,
199 2779 314 2837 nemini
334 2781 442 2839 mirum
463 2778 563 2838 videri
577 2778 683 2853 debet,
705 2797 776 2836 nam
792 2777 850 2836 etsi
863 2776 1026 2855 prosodiae
1040 2798 1164 2856 prorsus

55 2867 157 2943 ignarus
179 2886 227 2936 est
248 2879 298 2939 hic
316 2890 424 2959 poeta,
447 2879 554 2941 sedulo
569 2888 686 2951 tamen,
705 2876 794 2936 modo
808 2876 853 2934 nil
866 2896 914 2935 me
931 2878 1053 2954 effugit,
1073 2880 1164 2950 cavit,

56 2988 84 3028 sse
106 2974 135 3033 in
153 2977 260 3037 ultimo
278 2980 382 3056 jambo
401 2979 555 3059 spondeus
577 2988 673 3052 esset,
701 2976 823 3057 syllaba
844 2995 900 3054 per
918 2975 1026 3052 longas
1048 2981 1069 3052 ἡ
1090 2985 1121 3036 et
1140 2976 1165 3036 ὦ

55 3073 193 3146 producta.
236 3078 316 3137 Nam
342 3079 380 3138 de
403 3074 548 3160 διχρόνοις
565 3100 626 3138 non
650 3078 812 3156 cogitavit,
835 3084 869 3134 ut
892 3073 921 3148 5,
946 3075 1016 3136 196.
1034 3068 1164 3150 ὁπλίτας,

57 3168 77 3241 5,
100 3169 166 3233 278.
196 3171 427 3257 ίοτοοργήσασα,
465 3178 495 3254 5,
522 3178 574 3240 33.
607 3169 800 3256 deusdedem
839 3178 938 3236 etsie
962 3177 1071 3258 quavis
1096 3176 1163 3236 fere

55 3274 218 3349 psgina.·—
239 3275 268 3351 8,
292 3276 342 3339 28.
790 3279 793 3286 '

200 3375 252 3438 καί
274 3378 439 3454 delerrita
458 3378 681 3460 νίανθμαρίζον
702 3369 792 3454 ὀξέως

55 3472 128 3536 Ηοοο
153 3501 273 3540 versum
290 3480 517 3563 Wernsdorfius
546 3480 584 3541 de
609 3481 818 3560 magnitudine
840 3482 1013 3559 elephantis
1035 3485 1164 3561 accepit,

57 3592 99 3650 rgo
124 3600 195 3639 vero
225 3580 264 3640 de
291 3581 436 3659 grunnitu
466 3582 661 3660 interpretari
692 3583 804 3640 malim.
830 3613 872 3624 —
900 3578 929 3651 8,
954 3577 1004 3637 82.
1032 3601 1063 3659 Ρ.
1092 3580 1162 3640 262.

57 3672 155 3739 Dentes
177 3681 335 3761 elephanti

192 3845 194 3848 ,
365 3780 591 3862 περισφίγγοοσι
609 3775 664 3860 τὴν
684 3778 866 3863 προβοσκίδα

202 3881 477 3961 νολονροειδοῖς
499 3879 629 3967 ἐνμέσῳ
651 3880 822 3960 κεχυμένον.
962 3877 965 3886 ’

59 3975 179 4042 Mirabile
202 3983 253 4042 hic
282 3991 329 4042 est
355 4001 484 4043 acumen
506 3983 719 4043 Wernsdorfii.
764 3979 816 4038 Sic
844 3979 924 4036 enirn
944 3978 1008 4035 hic:
1038 3978 1165 4051 „notov-

59 4079 158 4152 uectae
184 4083 324 4142 mirabile
346 4083 539 4142 vocabulum.
569 4073 710 4158 νόλοαρος
730 4081 762 4138 in
782 4078 914 4157 sphaera
934 4086 980 4136 est
1001 4096 1165 4136 concursus

60 4173 187 4241 linearum
208 4191 304 4241 semet
325 4191 428 4241 mutuo
442 4183 611 4242 secantium
629 4190 660 4239 et
674 4182 763 4261 quasi
778 4178 1013 4237 decussantium.
1034 4177 1078 4234 ita
1092 4195 1165 4253 ergo

60 4283 284 4357 compositionem
316 4280 452 4341 dentium
482 4303 549 4341 cum
576 4280 758 4361 proboscide
785 4278 942 4356 exprimit,
980 4285 1014 4333 ut
1039 4276 1166 4352 figuram

62 4371 229 4441 decussatum
258 4389 364 4454 vocet,
398 4383 470 4461 quia
494 4382 602 4441 dentes
631 4379 814 4439 horizontali
835 4387 917 4435 motu
938 4384 1104 4435 excurrunt
1127 4396 1167 4435 ex

61 4480 186 4555 maxillis,
211 4491 298 4542 recta
317 4483 540 4562 prominentes,
570 4481 728 4560 proboscis
745 4499 820 4538 vero
838 4478 917 4536 inter
939 4496 991 4536 eos
1011 4476 1076 4535 fere
1098 4496 1165 4554 per·
