2884 5184
379 468 463 514 VITA
485 466 563 516 CAR.
586 469 716 517 LUDOV.
740 469 884 519 STRUVE.
1091 480 1205 529 XXXIX

52 636 101 698 ad
124 638 230 699 12000
247 639 283 700 in
304 638 370 700 tria
390 638 551 722 quadrata
567 641 794 723 continentum
808 641 895 705 unde
915 641 998 707 haec
1015 646 1130 711 tabula
1151 659 1204 714 est

53 737 265 823 deprompta.
309 738 498 804 Dolendum
519 761 615 822 vero,
636 741 724 826 quod
751 743 786 807 in
810 744 863 806 his
890 745 1089 828 rationibus,
1115 770 1199 834 quas

52 838 111 901 ille
135 837 183 901 ad
209 840 356 903 animum
378 862 398 903 a
425 842 521 926 gravi
542 841 655 907 morbo
678 845 885 911 avocandum
906 857 1105 932 susceperat,
1121 872 1200 913 non·

52 960 228 1023 nunquam
248 937 373 1026 aliquot
385 963 427 1004 ex
450 942 783 1029 decompositionibus
800 948 928 1010 numeri
946 946 1086 1033 alicujus
1101 970 1199 1036 saepe

51 1041 211 1126 plurimis
240 1043 382 1105 omissae
409 1052 501 1127 sunt,
529 1067 593 1131 quo
622 1046 762 1130 pretium
790 1045 889 1133 hujus
917 1046 1041 1112 laboris
1068 1052 1197 1135 operosi

9 1226 12 1229 ι
54 1164 95 1205 88
119 1143 315 1227 gravissimi
337 1144 576 1210 imminuitur.“

9 1242 13 1249 '
141 1244 334 1308 Studiorum
355 1248 577 1333 antiquitatis,
600 1251 720 1336 partim
749 1272 851 1336 aegra
877 1249 1069 1315 valetudine
1097 1251 1196 1314 inter-

54 1354 246 1432 ruptorum,
267 1349 387 1430 partim
408 1357 542 1434 propter
572 1349 703 1416 diversa
734 1352 776 1416 ab
804 1354 846 1416 iis
872 1352 982 1417 studia
1010 1350 1196 1434 dilatorum,

51 1469 165 1532 pauca
185 1455 313 1509 tanturn
336 1450 517 1535 specimina
538 1452 711 1537 postremis
734 1451 801 1518 illis
819 1453 915 1516 annis
930 1452 1139 1538 prodierunt,
1162 1463 1198 1517 ut

51 1568 269 1636 programma
294 1549 334 1613 de
354 1553 446 1615 exitu
465 1574 623 1618 versuum
642 1554 677 1616 in
698 1551 809 1616 Nonni
831 1553 1061 1638 Panopolitani
1080 1555 1196 1618 carmi-

51 1650 154 1715 nibus
179 1661 213 1715 et
234 1652 368 1739 scriptio
391 1650 450 1715 illa
477 1652 518 1716 de
545 1655 705 1740 suspectis
735 1653 861 1739 aliquot
889 1656 1070 1718 carminum
1090 1655 1195 1721 Hora·

49 1754 221 1817 tianorum
241 1752 403 1840 strophis,
426 1753 469 1816 ad
493 1752 721 1836 Clausenium,
751 1763 993 1841 praeceptorem
1021 1755 1194 1822 dilectissi-

49 1875 154 1936 mum,
178 1857 292 1920 missa.
337 1853 565 1921 Incitaverant
586 1876 660 1918 eum
683 1855 726 1918 ad
747 1856 832 1921 hanc
855 1854 1062 1921 scribendam
1084 1860 1193 1924 novis-

51 1957 136 2020 sima
157 1957 318 2022 Hofmani
338 1955 560 2041 Peerlkampii
587 1956 624 2018 in
653 1955 828 2021 Horatium
860 1958 1049 2041 conamina3
1077 1982 1193 2024 verum

49 2067 184 2123 tantum
207 2060 337 2140 aberat,
359 2066 394 2121 nt
415 2057 492 2120 huic
513 2058 584 2122 viro
614 2057 709 2122 docto
736 2057 966 2138 assentiretur,
993 2067 1030 2123 ut
1059 2062 1192 2147 saepius

51 2153 195 2242 diceret,
218 2181 396 2248 provocare
416 2180 451 2221 88
473 2158 616 2222 voluisse
639 2157 681 2220 ad
702 2161 869 2218 certamen
894 2157 984 2221 viros
1007 2158 1135 2243 doctos,
1155 2172 1192 2226 ut

51 2261 174 2326 deinde
195 2270 410 2342 monstraret,
431 2280 593 2345 quaenam
616 2276 675 2318 sua
704 2262 792 2317 esset
813 2254 853 2317 de
881 2255 943 2318 hac
970 2281 1005 2322 re
1033 2269 1191 2344 germana

50 2365 195 2449 opinio„
228 2363 324 2426 Vana
346 2370 456 2427 autem
483 2379 557 2445 spes
580 2355 661 2435 fuit,
682 2374 784 2439 quam
807 2353 848 2417 (18
874 2356 1002 2422 8(1811(18
1023 2359 1191 2426 Herodoto

50 2485 154 2549 quum
177 2464 328 2529 omnibus
350 2464 432 2529 viris
453 2457 574 2536 doctis,
597 2462 674 2521 tum,
694 2455 839 2517 maxime
859 2454 1041 2523 editoribus
1066 2461 1189 2527 Biblio-

49 2562 169 2628 thecae
191 2564 339 2629 Graeoae
361 2563 534 2628 Gothanae
561 2563 719 2620 moverat.
765 2556 854 2620 Dum
876 2559 964 2622 enim
992 2560 1097 2627 fracto
1117 2563 1190 2649 jam
1309 2596 1312 2600 ·

49 2668 163 2729 animo
188 2688 315 2752 semper
338 2664 378 2728 de
401 2656 526 2724 edendo
547 2655 604 2722 illo
621 2658 762 2742 cogitat,
792 2681 853 2722 nec
877 2669 989 2727 tamen
1018 2663 1117 2727 188118
1146 2665 1188 2730 ab

50 2770 163 2832 animo
190 2790 249 2831 suo
276 2768 450 2849 impetrare
475 2766 597 2844 potest,
627 2767 665 2822 nt
693 2779 737 2821 ex
762 2758 972 2846 collectaneis
1000 2764 1188 2848 uberrimis,

51 2868 107 2932 sed
131 2867 324 2952 indigestis,
346 2858 480 2923 dialecti
502 2859 635 2925 Ionicae
656 2859 747 2944 leges
777 2861 905 2943 eliciat,
930 2863 1109 2927 secundnm
1130 2887 1188 2928 eas

48 2971 273 3034 recensionem
294 2982 415 3025 novam
436 2959 590 3042 adornet,
609 2981 698 3024 mors
721 2969 930 3046 praematura
958 2985 1032 3026 eum
1053 2963 1185 3050 abripit,

49 3093 159 3158 neque
179 3065 265 3130 ullus
288 3062 383 3127 nobis
409 3060 682 3127 collectaneorum
705 3061 835 3125 illorum
864 3064 926 3126 erit
954 3062 1096 3145 fructus,
1122 3065 1189 3129 nisi

47 3181 152 3237 totam
171 3187 241 3230 rem
262 3163 304 3228 ab
328 3164 424 3227 initio
443 3164 670 3247 pertractanti.

131 3270 321 3334 Anctumno
355 3266 433 3330 anni
474 3267 583 3348 1837,
622 3274 797 3352 postquam
830 3268 983 3330 examine
1018 3269 1186 3333 candidati

47 3366 274 3458 philosophiae
297 3368 333 3430 in
362 3367 578 3431 universitate
606 3367 809 3454 Dorpatensi
839 3368 1007 3452 absoluto,
1039 3369 1187 3457 benigni-

46 3482 111 3537 tate
136 3469 247 3556 patrui
266 3467 490 3549 dilectissimi,
515 3469 701 3553 Guilielmi,
721 3471 816 3557 copia
837 3470 919 3534 mihi
944 3470 1022 3534 data
1051 3481 1118 3554 est,
1147 3494 1185 3550 ut

46 3574 189 3660 patriam
212 3577 433 3655 cognatosque
455 3572 632 3635 reviserem
655 3581 687 3635 et
708 3594 767 3658 per
789 3572 960 3636 biennium
981 3573 1070 3637 viros
1097 3574 1185 3637 inter

46 3671 231 3760 philologos
243 3669 442 3734 Germaniae
463 3673 628 3757 principes
650 3692 880 3754 cognoscerem
899 3680 932 3734 81
953 3670 1184 3753 auscultarem,

46 3775 210 3840 invitante
233 3770 351 3836 Carolo
365 3772 487 3835 Patrue
503 3773 748 3856 Regimontinm
769 3771 857 3833 veni.
902 3771 1018 3857 Itaque
1040 3772 1187 3835 secunda

45 3875 180 3939 fortuna
200 3873 282 3936 mihi
294 3875 461 3958 ⁴contigit,
484 3883 537 3954 ut,
564 3895 660 3959 quem
683 3879 782 3934 antea
809 3893 891 3957 puer
918 3872 1036 3937 leviter
1058 3880 1186 3936 tantum

44 3996 280 4061 cognoveram,
305 3984 452 4039 extremo
474 3974 564 4039 vitae
588 3974 661 4059 ejus
684 3974 790 4059 spatio
818 3974 951 4059 propius
978 3975 1185 4059 inspicerem.

46 4076 153 4141 Valde
172 4076 314 4139 laetatus
336 4076 482 4141 adventu
502 4098 589 4156 meo,
619 4098 720 4162 quum
741 4074 938 4138 imbecillam
960 4074 1105 4160 corporis
1127 4094 1184 4139 va-

47 4176 229 4242 letudinem
250 4178 402 4259 sentiret,
425 4177 600 4240 haeredem
620 4199 671 4240 me
692 4175 802 4240 facere
824 4173 928 4241 voluit
950 4197 1078 4256 eorum,
1101 4195 1185 4259 quae

47 4281 82 4342 in
103 4276 209 4341 literis
234 4277 422 4363 collegerat.
467 4277 584 4342 Crebri
604 4277 710 4342 morbi
737 4298 811 4339 eum
840 4275 1109 4358 debilitaverant3
1131 4275 1185 4339 de·

49 4388 121 4442 erat
142 4379 303 4466 pristinus
329 4380 364 4442 in
385 4380 503 4443 studiis
525 4379 645 4442 fervor.
691 4378 796 4464 Saepe
824 4377 864 4441 de
886 4376 1053 4442 Herodoto
1079 4399 1184 4443 sermo

49 4491 138 4562 erat,
160 4482 233 4567 ipse
251 4479 404 4564 timebat,
428 4490 464 4545 ut
488 4489 590 4545 staret
610 4481 780 4566 promissis
799 4479 927 4545 tamdiu
946 4479 1047 4563 datis,
1070 4478 1185 4547 nihilo·
