2884 5184
285 404 344 463 144
625 413 895 462 resonares
918 413 1088 461 osseca

281 589 336 649 ille
358 588 440 664 νοῦς,
462 609 552 669 quem
572 588 623 648 hic
640 586 794 666 legimus?
822 586 976 667 Apulejus
1005 587 1101 648 hebet
1127 592 1278 650 videntium
1303 606 1384 648 sermo

282 689 461 750 Lactantius
483 691 551 770 ipse
577 706 689 747 emaum
716 698 743 747 et
770 694 865 749 vuum.
908 690 994 760 Νοῦς
1020 711 1096 750 vero
1123 710 1179 769 per
1204 689 1348 765 sesolus
1376 691 1384 749 ι’

281 793 350 852 visu
372 791 504 870 intelligi
523 791 641 870 nequit.
684 790 767 850 Hine
789 791 938 869 suspicor,
959 791 1154 852 Lactantium
1175 794 1210 851 in
1229 791 1346 850 Latinis
1363 792 1384 848 dr

281 892 380 966 disse,
398 895 450 951 sed
465 897 540 969 qaod
558 898 588 951 in
605 909 716 951 seuam
736 895 841 950 medat
860 900 888 950 et
906 896 1007 966 οἰοαπ,
1036 902 1070 953 ut
1092 901 1185 953 antea
1215 911 1337 973 quoque
1356 913 1384 952 no

281 995 378 1054 solum
398 992 437 1053 de
456 994 595 1054 sensibili
617 991 783 1053 sedetiam
802 991 841 1052 de
863 992 979 1053 visibili
1001 992 1059 1054 deo
1080 1014 1180 1056 sermo
1202 993 1314 1053 fuerat.
1345 991 1384 1049 Su·

280 1094 361 1173 picio
382 1094 461 1153 haec
482 1094 554 1154 hinc
569 1103 715 1173 augetur,
739 1092 822 1173 quod
840 1093 941 1153 codex
962 1104 1082 1167 noster,
1113 1096 1166 1175 qui
1187 1095 1244 1154 ubi
1265 1093 1384 1170 vulgatu

279 1196 444 1255 lectionem
470 1195 627 1255 confirmat
653 1196 685 1253 in
713 1194 788 1253 solis
823 1194 1067 1274 orthographicis
1099 1195 1239 1268 aberret,
1264 1196 1321 1254 hoc
1347 1194 1384 1251 loc

281 1305 389 1377 aperte
416 1296 603 1377 confusionis
631 1295 764 1373 vestigia
791 1304 949 1356 monstrat.
993 1295 1047 1356 Sic
1085 1298 1166 1356 enirn
1195 1298 1337 1376 scriptum
1365 1315 1384 1352 e

280 1419 325 1459 οτι
346 1417 388 1469 εις
407 1400 529 1474 uerique
551 1419 613 1474 αμα
631 1415 796 1473 νποπεμπει
815 1415 857 1467 εις
874 1417 946 1473 νου,
966 1396 1020 1456 ubi
1041 1418 1104 1457 non
1132 1399 1232 1457 solum
1259 1384 1323 1455 ἀλλ’
1343 1404 1384 1453 ant

279 1490 325 1560 ὅτι
346 1499 449 1573 deest,
471 1508 503 1559 et
523 1495 574 1557 uui
592 1507 663 1557 ante
685 1495 727 1568 εἰς
747 1498 822 1560 νοῦν
843 1498 958 1579 (neque
983 1499 1042 1559 hoc
1070 1519 1145 1558 casu
1174 1497 1327 1559 excidisse
1350 1495 1384 1554 dic

280 1610 396 1681 potest,
419 1621 502 1674 eum,
524 1608 670 1677 utsupra
686 1597 834 1673 vidimus,
857 1601 954 1660 verba
968 1601 1047 1659 haec
1068 1599 1116 1659 bis
1136 1602 1255 1681 scripta
1275 1596 1341 1676 sint)
1353 1616 1384 1668 seq

280 1694 341 1778 ἅμα
367 1703 459 1761 etiam
488 1699 624 1759 additum
651 1699 774 1778 legitur.
818 1700 890 1759 Huc
925 1699 1060 1773 accedit,
1093 1701 1176 1781 quod
1207 1698 1384 1778 interpretati

279 1803 393 1861 Latina
411 1801 503 1878 longe
523 1800 573 1859 hic
593 1799 684 1859 aliter
706 1809 810 1875 sonat,
834 1821 926 1881 quam
945 1800 1027 1880 apud
1056 1802 1204 1882 reliquos,
1227 1804 1301 1876 quod
1318 1815 1383 1866 asser

279 1921 340 1961 sam
359 1910 528 1975 mentemque
548 1910 686 1976 Μαρακοὶ.
731 1900 785 1961 Sic
807 1922 888 1961 nunc
916 1905 1112 1982 pervenimus
1139 1904 1179 1963 ad
1206 1902 1302 1962 verba
1320 1901 1383 1957 inter

275 2005 362 2081 jecta
383 1998 451 2081 περὶ
471 1994 529 2082 γὰρ
541 1993 647 2061 τούτου
666 1990 723 2061 οὖν
743 1998 819 2079 ἔστι,
833 1995 960 2081 πότερον
977 1995 1065 2077 αὐτὸς
1085 1987 1232 2075 αἴσθοιτο,
1247 2003 1297 2062 ubi
1314 1998 1384 2066 codar

280 2113 396 2179 noster,
419 2101 673 2186 quemadmodum
694 2102 788 2162 editio
811 2102 846 2177 O,
868 2123 962 2165 voces
984 2094 1039 2164 oris
1060 2102 1120 2165 ἔστι
1140 2125 1267 2184 prorsus
1286 2104 1384 2180 ignorat

281 2215 312 2266 et
332 2215 397 2265 tum
415 2204 541 2264 ultimae
564 2204 648 2264 vocis
671 2200 819 2281 αἴσθοιτο,
839 2226 895 2286 pro
917 2226 978 2286 quo
1000 2204 1142 2282 αἴσθηται
1161 2205 1323 2265 Patricium
1335 2200 1384 2258 dart

280 2305 428 2379 vidimus,
449 2306 568 2365 initium
591 2314 709 2366 tantum
731 2303 815 2366 αἰσθ.
843 2307 939 2366 novit.
982 2308 1087 2388 Atque
1114 2307 1164 2366 hic
1192 2326 1311 2389 quoque
1332 2302 1384 2364 mire

281 2416 328 2467 est
345 2408 556 2486 interpretatio
575 2407 701 2480 Latina,
716 2425 805 2482 neque
822 2413 894 2466 enim
914 2412 1023 2483 quidem
1043 2420 1136 2468 utrum
1156 2413 1218 2483 ipae
1238 2411 1333 2466 sonem.
1350 2402 1384 2459 Ex

279 2509 327 2568 his
352 2507 490 2578 omnibus
516 2521 695 2587 persuasum
719 2508 793 2567 mihi
821 2518 881 2582 est,
908 2518 979 2588 post
1004 2509 1100 2570 verbs
1129 2505 1197 2589 περὶ
1224 2497 1281 2587 γὰρ
1307 2494 1384 2563 τούτου

279 2602 404 2688 πότερον
421 2596 509 2677 αὐτὸς
530 2605 665 2666 αἴσθοιτο
684 2606 835 2688 quaedam
859 2609 981 2688 penitus
1007 2610 1215 2681 intercidisse,
1247 2625 1319 2688 quae
1337 2619 1384 2661 een

280 2711 345 2770 iere
367 2708 549 2769 sententiam
571 2708 789 2782 continuerint,
809 2729 900 2789 quam
920 2709 1073 2791 Apulejus
1095 2712 1183 2772 nobis
1204 2704 1340 2775 servavit
1355 2702 1384 2757 ita

279 2821 313 2872 ut
341 2809 579 2890 additamentum
607 2800 664 2869 οὖν
692 2807 752 2869 ἔστι
777 2830 902 2890 prorsus
930 2813 1115 2891 ejiciendum
1145 2813 1198 2887 sit3
1240 2828 1312 2891 quae
1337 2815 1381 2861 tum

278 2934 352 2975 vero
375 2919 557 2993 sequuntur,
581 2931 618 2971 ee
639 2911 743 2972 nescio
766 2930 826 2990 quo
846 2930 919 2970 casu
939 2913 1049 2972 misere
1070 2913 1209 2972 mutilate
1228 2920 1258 2971 et
1272 2910 1383 2981 corrupte

279 3014 319 3074 sd
347 3034 403 3074 nos
430 3013 638 3093 pervenerint.
680 3011 795 3071 Veram
821 3012 978 3094 scriptoris
999 3033 1120 3073 manum
1140 3014 1300 3073 restituere
1316 3002 1379 3063 nobis

279 3116 382 3176 datum
399 3123 456 3175 est.
500 3113 564 3175 Sed
583 3133 602 3171 a
623 3113 777 3173 sententia
803 3133 865 3171 non
890 3114 1050 3174 aberrasse
1077 3114 1166 3173 nobis
1189 3112 1331 3178 videmur,
1347 3113 1378 3161 t0·

277 3226 341 3276 tum
362 3216 464 3274 locum
485 3214 530 3272 sic
549 3212 717 3273 scribentes
739 3223 769 3273 et
786 3215 1030 3294 interpunctione
1050 3214 1250 3293 adjuvantes:

362 3305 379 3375 ὁ
397 3305 499 3390 κύριος
515 3309 567 3371 καὶ
587 3313 647 3371 τῶν
667 3304 789 3375 πάντων
809 3309 947 3393 ποιητὴς,
973 3305 1009 3375 ὃν
1036 3306 1111 3375 θεὸν
1138 3318 1240 3380 καλεῖν
1257 3305 1376 3386 νενομίκα-

277 3437 332 3496 μεν
349 3415 428 3495 (sive
450 3409 649 3492 isopleurum),
671 3408 733 3472 ἐπεὶ
751 3404 803 3474 τὸν
829 3407 965 3496 δεύτερον
990 3412 1105 3494 ἐποίησε
1130 3404 1205 3476 θεὸν
1231 3400 1326 3495 ὁρατὸν
1342 3398 1375 3462 sci

278 3507 432 3596 αἰσθητὸν,
460 3502 619 3593 (αἰσθητὸν
646 3510 679 3573 δέ
705 3536 783 3593 φημι
810 3505 847 3575 οὗ
877 3504 927 3576 deci
952 3505 991 3575 .τό
1019 3513 1182 3575 αἰσθέσθαι
1209 3506 1309 3575 αὐτόν·
1331 3498 1374 3580 etti

275 3614 334 3701 γὰρ
355 3609 476 3694 τούτου,
505 3608 629 3694 πότερον
657 3607 744 3687 αὐτὸς
771 3613 921 3680 αἴσθοιτο,
951 3607 984 3693 [ἢ
1010 3608 1066 3695 μὴ,
1091 3606 1373 3695 &respersione

276 3712 344 3783 ἄλλ’
370 3710 416 3781 ὅτι
445 3717 486 3791 εἰς
501 3715 652 3795 αἴσθησιν
676 3709 833 3777 ὑποπίπτει
858 3713 910 3775 καὶ
943 3715 984 3789 εἰς
1013 3710 1113 3794 ὄψιν1)
1141 3714 1202 3777 ἐπεὶ
1228 3702 1375 3778 οὖντοῦτο

276 3819 392 3900 ἐποίησε
412 3822 530 3900 πρῶτον
548 3814 600 3879 καὶ
625 3811 718 3897 μόνον
745 3812 796 3875 καὶ
824 3812 924 3894 deff)
952 3808 1041 3889 καλὸς
1067 3813 1099 3877 δὲ
1125 3806 1206 3897 αὐτῷ
1235 3808 1320 3893 ἐφάνη
1340 3799 1373 3864 sei

275 3920 472 4002 πληρὲοτατος
495 3913 618 3980 πάντων
646 3922 706 3979 τῶν
731 3908 858 3996 ἀγαθοῖν
885 3905 1022 3995 ἠγάπησέ
1052 3938 1083 3977 τε
1114 3914 1165 3977 καὶ
1191 3894 1373 3994 ἕφίλησεν,ὦς

274 4022 352 4082 ἴδιον
373 4016 475 4097 τόνον,
496 4020 550 4080 ubi
572 4041 651 4101 quse
670 4021 717 4079 his
739 4020 833 4096 signis
864 4016 899 4098 []
927 4019 1118 4093 inclusimus,
1139 4019 1257 4099 partim
1278 4004 1371 4073 anobis

275 4124 433 4204 supplete,
455 4121 567 4201 partim
588 4140 662 4179 vero
681 4119 828 4180 audacius
846 4120 1005 4178 immutata
1025 4128 1105 4182 sunt.
1147 4118 1251 4199 Atque
1271 4117 1309 4175 sic
1325 4105 1368 4187 qui·

344 4347 372 4412 *)
391 4348 482 4401 Verba
500 4346 548 4399 ναὶ
566 4342 657 4414 μόνον
674 4353 703 4401 in
727 4351 822 4404 codice
844 4360 938 4404 nostro
960 4369 1027 4404 casu
1050 4358 1157 4403 tantum
1182 4348 1333 4403 exciderunt.
1350 4338 1368 4383 ¹¹¹

275 4429 463 4492 interpretatio
482 4435 583 4483 Latina
600 4442 744 4488 monstrat.
