<?xml version="1.0" encoding="UTF-8"?>
<!DOCTYPE html PUBLIC "-//W3C//DTD XHTML 1.0 Transitional//EN"
    "http://www.w3.org/TR/xhtml1/DTD/xhtml1-transitional.dtd">
<html xmlns="http://www.w3.org/1999/xhtml" xml:lang="en" lang="en">
 <head>
  <title>
</title>
<meta http-equiv="Content-Type" content="text/html;charset=utf-8" />
  <meta name='ocr-system' content='tesseract 3.04.00' />
  <meta name='ocr-capabilities' content='ocr_page ocr_carea ocr_par ocr_line ocrx_word'/>
</head>
<body>
  <div class='ocr_page' id='page_1' title='image "./caroliludovicis01strugoog_0080.png"; bbox 0 0 2884 5184; ppageno 0'>
   <div class='ocr_carea' id='block_1_1' title="bbox 251 424 1048 492">
    <p class='ocr_par' dir='ltr' id='par_1_1' title="bbox 251 424 1048 492">
     <span class='ocr_line' id='line_1_1' title="bbox 251 424 1048 492; baseline -0.011 -9"><span class='ocrx_word' id='word_1_1' title='bbox 251 424 290 485; x_wconf 86' lang='lat'><strong>18</strong></span> <span class='ocrx_word' id='word_1_2' title='bbox 576 429 760 492; x_wconf 78' lang='lat' dir='ltr'><strong>Quissus</strong></span> <span class='ocrx_word' id='word_1_3' title='bbox 784 427 1048 478; x_wconf 76' lang='lat' dir='ltr'><strong>snrauasus.</strong></span> 
     </span>
    </p>
   </div>
   <div class='ocr_carea' id='block_1_2' title="bbox 247 600 1437 1193">
    <p class='ocr_par' dir='ltr' id='par_1_2' title="bbox 247 600 1393 789">
     <span class='ocr_line' id='line_1_2' title="bbox 247 600 1393 685; baseline -0.008 -16"><span class='ocrx_word' id='word_1_4' title='bbox 247 604 453 685; x_wconf 81' lang='grc' dir='ltr'><strong><em>άναστοναγέοο</em></strong></span> <span class='ocrx_word' id='word_1_5' title='bbox 473 627 514 666; x_wconf 82' lang='lat' dir='ltr'><strong>ax</strong></span> <span class='ocrx_word' id='word_1_6' title='bbox 529 604 672 684; x_wconf 84' lang='lat' dir='ltr'><strong>Orpbieis</strong></span> <span class='ocrx_word' id='word_1_7' title='bbox 693 603 768 663; x_wconf 80' lang='lat' dir='ltr'><strong>citat</strong></span> <span class='ocrx_word' id='word_1_8' title='bbox 786 601 957 663; x_wconf 74' lang='lat' dir='ltr'><strong>Schneider</strong></span> <span class='ocrx_word' id='word_1_9' title='bbox 978 603 1011 661; x_wconf 91' lang='lat' dir='ltr'><strong>in</strong></span> <span class='ocrx_word' id='word_1_10' title='bbox 1032 602 1128 678; x_wconf 64' lang='lat' dir='ltr'><strong>liex.;</strong></span> <span class='ocrx_word' id='word_1_11' title='bbox 1152 600 1261 661; x_wconf 85' lang='lat' dir='ltr'><strong>eadem</strong></span> <span class='ocrx_word' id='word_1_12' title='bbox 1285 602 1393 661; x_wconf 75' lang='lat' dir='ltr'><strong>forms</strong></span> 
     </span>
     <span class='ocr_line' id='line_1_3' title="bbox 248 702 1064 789; baseline -0.011 -20"><span class='ocrx_word' id='word_1_13' title='bbox 248 709 341 789; x_wconf 89' lang='lat' dir='ltr'><strong>paulo</strong></span> <span class='ocrx_word' id='word_1_14' title='bbox 366 718 530 768; x_wconf 86' lang='lat' dir='ltr'><strong>anteusus</strong></span> <span class='ocrx_word' id='word_1_15' title='bbox 553 716 619 767; x_wconf 88' lang='lat' dir='ltr'><strong>erat</strong></span> <span class='ocrx_word' id='word_1_16' title='bbox 636 705 769 783; x_wconf 79' lang='lat' dir='ltr'><strong>Quintus</strong></span> <span class='ocrx_word' id='word_1_17' title='bbox 790 725 820 762; x_wconf 84' lang='lat' dir='ltr'><strong>v.</strong></span> <span class='ocrx_word' id='word_1_18' title='bbox 834 702 906 763; x_wconf 87' lang='grc'><strong>6118.</strong></span> <span class='ocrx_word' id='word_1_19' title='bbox 1062 706 1064 710; x_wconf 83' lang='grc'><strong>’</strong></span> 
     </span>
    </p>

    <p class='ocr_par' dir='ltr' id='par_1_3' title="bbox 376 798 1170 890">
     <span class='ocr_line' id='line_1_4' title="bbox 376 798 1170 890; baseline -0.006 -20"><span class='ocrx_word' id='word_1_20' title='bbox 376 800 397 888; x_wconf 81' lang='grc' dir='ltr'><em>ἡ</em></span> <span class='ocrx_word' id='word_1_21' title='bbox 419 800 448 869; x_wconf 81' lang='grc' dir='ltr'><strong>δ’</strong></span> <span class='ocrx_word' id='word_1_22' title='bbox 471 798 522 887; x_wconf 71' lang='grc' dir='ltr'><strong>ἄρ’</strong></span> <span class='ocrx_word' id='word_1_23' title='bbox 546 805 591 868; x_wconf 71' lang='lat' dir='ltr'><strong>et</strong></span> <span class='ocrx_word' id='word_1_24' title='bbox 609 805 768 890; x_wconf 80' lang='grc' dir='ltr'><strong><em>μέσσγσιν,</em></strong></span> <span class='ocrx_word' id='word_1_25' title='bbox 789 804 829 885; x_wconf 76' lang='grc' dir='ltr'><strong>ἑῷ</strong></span> <span class='ocrx_word' id='word_1_26' title='bbox 849 802 916 886; x_wconf 70' lang='grc' dir='ltr'><strong><em>περὶ</em></strong></span> <span class='ocrx_word' id='word_1_27' title='bbox 936 802 1022 865; x_wconf 67' lang='lat' dir='ltr'><strong>matt</strong></span> <span class='ocrx_word' id='word_1_28' title='bbox 1043 807 1170 882; x_wconf 77' lang='grc' dir='ltr'><strong><em>γυθεῖσα</em></strong></span> 
     </span>
    </p>

    <p class='ocr_par' dir='ltr' id='par_1_4' title="bbox 248 895 1437 1193">
     <span class='ocr_line' id='line_1_5' title="bbox 374 895 1176 990; baseline -0.005 -20"><span class='ocrx_word' id='word_1_29' title='bbox 374 899 491 990; x_wconf 80' lang='grc' dir='ltr'><strong><em>μακρὸν</em></strong></span> <span class='ocrx_word' id='word_1_30' title='bbox 510 897 784 985; x_wconf 81' lang='grc' dir='ltr'><strong><em>άνεστονάγησε</em></strong></span> <span class='ocrx_word' id='word_1_31' title='bbox 803 900 984 978; x_wconf 75' lang='grc' dir='ltr'><strong><em>πολύστονος</em></strong></span> <span class='ocrx_word' id='word_1_32' title='bbox 1002 895 1176 986; x_wconf 87' lang='grc' dir='ltr'><strong><em>Ἠριγένεια.</em></strong></span> 
     </span>
     <span class='ocr_line' id='line_1_6' title="bbox 248 997 1437 1091; baseline -0.006 -17"><span class='ocrx_word' id='word_1_33' title='bbox 248 1024 282 1075; x_wconf 89' lang='lat' dir='ltr'><strong>ut</strong></span> <span class='ocrx_word' id='word_1_34' title='bbox 307 1014 444 1085; x_wconf 81' lang='lat' dir='ltr'><strong>nescias,</strong></span> <span class='ocrx_word' id='word_1_35' title='bbox 474 1032 577 1071; x_wconf 86' lang='lat' dir='ltr'><strong>annun</strong></span> <span class='ocrx_word' id='word_1_36' title='bbox 597 1019 728 1089; x_wconf 79' lang='lat' dir='ltr'><strong>utroque</strong></span> <span class='ocrx_word' id='word_1_37' title='bbox 752 1011 821 1069; x_wconf 83' lang='lat' dir='ltr'><strong>loeo</strong></span> <span class='ocrx_word' id='word_1_38' title='bbox 841 1010 893 1069; x_wconf 84' lang='lat' dir='ltr'><strong>vel</strong></span> <span class='ocrx_word' id='word_1_39' title='bbox 922 997 1188 1086; x_wconf 85' lang='grc' dir='ltr'><strong><em>άνεστονάγιζε</em></strong></span> <span class='ocrx_word' id='word_1_40' title='bbox 1214 1010 1268 1068; x_wconf 84' lang='lat' dir='ltr'><strong>vel</strong></span> <span class='ocrx_word' id='word_1_41' title='bbox 1300 998 1397 1068; x_wconf 80' lang='grc' dir='ltr'><strong><em>ἆνε-</em></strong></span> <span class='ocrx_word' id='word_1_42' title='bbox 1436 1056 1437 1091; x_wconf 62' lang='lat'>3</span> 
     </span>
     <span class='ocr_line' id='line_1_7' title="bbox 248 1108 778 1193; baseline -0.011 -17"><span class='ocrx_word' id='word_1_43' title='bbox 248 1108 457 1193; x_wconf 83' lang='grc' dir='ltr'><strong><em>στονάχησε</em></strong></span> <span class='ocrx_word' id='word_1_44' title='bbox 476 1110 706 1172; x_wconf 86' lang='lat' dir='ltr'><strong>rescribendum</strong></span> <span class='ocrx_word' id='word_1_45' title='bbox 728 1114 778 1172; x_wconf 90' lang='lat' dir='ltr'><strong>sit.</strong></span> 
     </span>
    </p>
   </div>
   <div class='ocr_carea' id='block_1_3' title="bbox 739 1280 891 1340">
    <p class='ocr_par' dir='ltr' id='par_1_5' title="bbox 739 1280 891 1340">
     <span class='ocr_line' id='line_1_8' title="bbox 739 1280 891 1340; baseline -0.013 0"><span class='ocrx_word' id='word_1_46' title='bbox 739 1281 811 1340; x_wconf 76' lang='lat' dir='ltr'><strong>Lus.</strong></span> <span class='ocrx_word' id='word_1_47' title='bbox 832 1280 891 1339; x_wconf 90' lang='grc' dir='ltr'><strong>ΠΙ.</strong></span> 
     </span>
    </p>
   </div>
   <div class='ocr_carea' id='block_1_4' title="bbox 241 1404 1437 4534">
    <p class='ocr_par' dir='ltr' id='par_1_6' title="bbox 248 1404 1172 1494">
     <span class='ocr_line' id='line_1_9' title="bbox 248 1404 1172 1494; baseline -0.005 -17"><span class='ocrx_word' id='word_1_48' title='bbox 248 1439 278 1477; x_wconf 89' lang='lat' dir='ltr'><strong>v.</strong></span> <span class='ocrx_word' id='word_1_49' title='bbox 300 1415 351 1478; x_wconf 89' lang='grc'><strong>69.</strong></span> <span class='ocrx_word' id='word_1_50' title='bbox 379 1414 428 1488; x_wconf 81' lang='grc' dir='ltr'><strong>Τίς</strong></span> <span class='ocrx_word' id='word_1_51' title='bbox 449 1409 488 1477; x_wconf 77' lang='grc' dir='ltr'><strong>νά</strong></span> <span class='ocrx_word' id='word_1_52' title='bbox 508 1437 558 1494; x_wconf 89' lang='grc' dir='ltr'><strong><em>μοι</em></strong></span> <span class='ocrx_word' id='word_1_53' title='bbox 578 1404 666 1475; x_wconf 76' lang='grc' dir='ltr'><strong><em>αἰνὸν</em></strong></span> <span class='ocrx_word' id='word_1_54' title='bbox 686 1404 788 1476; x_wconf 78' lang='grc' dir='ltr'><strong><em>σ’ῖστόν</em></strong></span> <span class='ocrx_word' id='word_1_55' title='bbox 808 1409 982 1493; x_wconf 79' lang='grc' dir='ltr'><strong><em>έπιπροέηκε</em></strong></span> <span class='ocrx_word' id='word_1_56' title='bbox 1000 1406 1172 1491; x_wconf 75' lang='grc' dir='ltr'><strong><em>κρυφηδόνς</em></strong></span> 
     </span>
    </p>

    <p class='ocr_par' dir='ltr' id='par_1_7' title="bbox 247 1503 1437 1996">
     <span class='ocr_line' id='line_1_10' title="bbox 373 1503 1437 1599; baseline -0.004 -22"><span class='ocrx_word' id='word_1_57' title='bbox 373 1509 468 1596; x_wconf 76' lang='grc' dir='ltr'><strong><em>τλήτω</em></strong></span> <span class='ocrx_word' id='word_1_58' title='bbox 488 1536 543 1594; x_wconf 89' lang='grc' dir='ltr'><strong><em>μευ</em></strong></span> <span class='ocrx_word' id='word_1_59' title='bbox 565 1514 792 1593; x_wconf 88' lang='grc' dir='ltr'><strong><em>κατέναντα,</em></strong></span> <span class='ocrx_word' id='word_1_60' title='bbox 815 1511 929 1587; x_wconf 55' lang='lat' dir='ltr'><strong>euleu</strong></span> <span class='ocrx_word' id='word_1_61' title='bbox 949 1503 1128 1590; x_wconf 82' lang='grc' dir='ltr'><strong><em>άναφανδόν</em></strong></span> <span class='ocrx_word' id='word_1_62' title='bbox 1147 1511 1309 1574; x_wconf 74' lang='grc' dir='ltr'><strong><em>ἱκέσθω.</em></strong></span> <span class='ocrx_word' id='word_1_63' title='bbox 1436 1576 1437 1599; x_wconf 29' lang='grc' dir='ltr'><strong><em>ρ</em></strong></span> 
     </span>
     <span class='ocr_line' id='line_1_11' title="bbox 248 1615 1395 1699; baseline -0.003 -19"><span class='ocrx_word' id='word_1_64' title='bbox 248 1623 334 1699; x_wconf 80' lang='lat' dir='ltr'><strong>Lege</strong></span> <span class='ocrx_word' id='word_1_65' title='bbox 356 1616 528 1691; x_wconf 77' lang='grc' dir='ltr'><strong><em>ἱκέσθαι,</em></strong></span> <span class='ocrx_word' id='word_1_66' title='bbox 549 1618 631 1698; x_wconf 88' lang='lat' dir='ltr'><strong>quod</strong></span> <span class='ocrx_word' id='word_1_67' title='bbox 652 1640 720 1680; x_wconf 84' lang='lat' dir='ltr'><strong>eum</strong></span> <span class='ocrx_word' id='word_1_68' title='bbox 740 1615 904 1678; x_wconf 88' lang='grc' dir='ltr'><strong><em>κατέναυτα</em></strong></span> <span class='ocrx_word' id='word_1_69' title='bbox 913 1616 1106 1694; x_wconf 85' lang='lat' dir='ltr'><strong>jungendum</strong></span> <span class='ocrx_word' id='word_1_70' title='bbox 1124 1627 1181 1677; x_wconf 88' lang='lat' dir='ltr'><strong>est.</strong></span> <span class='ocrx_word' id='word_1_71' title='bbox 1214 1616 1268 1675; x_wconf 84' lang='lat' dir='ltr'><strong>Sic</strong></span> <span class='ocrx_word' id='word_1_72' title='bbox 1287 1619 1395 1676; x_wconf 88' lang='lat' dir='ltr'><strong>statim</strong></span> 
     </span>
     <span class='ocr_line' id='line_1_12' title="bbox 248 1698 1437 1801; baseline -0.002 -20"><span class='ocrx_word' id='word_1_73' title='bbox 248 1744 278 1781; x_wconf 91' lang='lat' dir='ltr'><strong>v.</strong></span> <span class='ocrx_word' id='word_1_74' title='bbox 303 1722 353 1781; x_wconf 84' lang='lat'><strong>77.</strong></span> <span class='ocrx_word' id='word_1_75' title='bbox 375 1723 418 1801; x_wconf 75' lang='grc' dir='ltr'><strong><em>τῷ</em></strong></span> <span class='ocrx_word' id='word_1_76' title='bbox 438 1739 492 1796; x_wconf 87' lang='grc' dir='ltr'><strong><em>μευ</em></strong></span> <span class='ocrx_word' id='word_1_77' title='bbox 512 1716 575 1777; x_wconf 83' lang='grc' dir='ltr'><strong><em>ἴτω</em></strong></span> <span class='ocrx_word' id='word_1_78' title='bbox 594 1717 818 1780; x_wconf 89' lang='grc' dir='ltr'><strong><em>κατέναντα.</em></strong></span> <span class='ocrx_word' id='word_1_79' title='bbox 1436 1698 1437 1707; x_wconf 56' lang='lat'><strong>.</strong></span> 
     </span>
     <span class='ocr_line' id='line_1_13' title="bbox 248 1816 1392 1891; baseline -0.005 -9"><span class='ocrx_word' id='word_1_80' title='bbox 248 1822 422 1882; x_wconf 77' lang='lat' dir='ltr'><strong>Secundum</strong></span> <span class='ocrx_word' id='word_1_81' title='bbox 450 1839 553 1880; x_wconf 79' lang='lat' dir='ltr'><strong>casum</strong></span> <span class='ocrx_word' id='word_1_82' title='bbox 577 1841 640 1878; x_wconf 82' lang='lat' dir='ltr'><strong>vex</strong></span> <span class='ocrx_word' id='word_1_83' title='bbox 668 1817 831 1882; x_wconf 84' lang='grc' dir='ltr'><strong><em>κατέναντα</em></strong></span> <span class='ocrx_word' id='word_1_84' title='bbox 851 1821 945 1881; x_wconf 88' lang='lat' dir='ltr'><strong>habet</strong></span> <span class='ocrx_word' id='word_1_85' title='bbox 964 1821 1015 1880; x_wconf 87' lang='lat' dir='ltr'><strong>hie</strong></span> <span class='ocrx_word' id='word_1_86' title='bbox 1034 1830 1065 1879; x_wconf 88' lang='lat' dir='ltr'><strong>et</strong></span> <span class='ocrx_word' id='word_1_87' title='bbox 1088 1820 1122 1891; x_wconf 90' lang='lat'><strong>1,</strong></span> <span class='ocrx_word' id='word_1_88' title='bbox 1145 1816 1220 1877; x_wconf 85' lang='lat'><strong>552.</strong></span> <span class='ocrx_word' id='word_1_89' title='bbox 1253 1817 1292 1891; x_wconf 84' lang='lat'><strong>3,</strong></span> <span class='ocrx_word' id='word_1_90' title='bbox 1318 1819 1392 1878; x_wconf 90' lang='grc'><strong>444.</strong></span> 
     </span>
     <span class='ocr_line' id='line_1_14' title="bbox 247 1919 1293 1996; baseline -0.002 -16"><span class='ocrx_word' id='word_1_91' title='bbox 247 1919 284 1994; x_wconf 85' lang='grc'><strong>8,</strong></span> <span class='ocrx_word' id='word_1_92' title='bbox 308 1920 395 1996; x_wconf 65' lang='grc'><strong>269,</strong></span> <span class='ocrx_word' id='word_1_93' title='bbox 417 1922 539 1981; x_wconf 85' lang='lat' dir='ltr'><strong>tertium</strong></span> <span class='ocrx_word' id='word_1_94' title='bbox 560 1920 596 1993; x_wconf 95' lang='grc'><strong>4,</strong></span> <span class='ocrx_word' id='word_1_95' title='bbox 618 1919 689 1981; x_wconf 84' lang='grc'><strong>286.</strong></span> <span class='ocrx_word' id='word_1_96' title='bbox 711 1956 754 1967; x_wconf 87' lang='grc'><strong>-</strong></span> <span class='ocrx_word' id='word_1_97' title='bbox 775 1945 805 1982; x_wconf 84' lang='lat' dir='ltr'><strong>v.</strong></span> <span class='ocrx_word' id='word_1_98' title='bbox 828 1921 878 1983; x_wconf 86' lang='lat'><strong>81.</strong></span> <span class='ocrx_word' id='word_1_99' title='bbox 901 1922 1095 1982; x_wconf 84' lang='lat' dir='ltr'><strong>scribendum</strong></span> <span class='ocrx_word' id='word_1_100' title='bbox 1118 1928 1181 1979; x_wconf 87' lang='lat' dir='ltr'><strong>est:</strong></span> <span class='ocrx_word' id='word_1_101' title='bbox 1291 1960 1293 1963; x_wconf 93' lang='lat'>-</span> 
     </span>
    </p>

    <p class='ocr_par' dir='ltr' id='par_1_8' title="bbox 246 2011 1149 2204">
     <span class='ocr_line' id='line_1_15' title="bbox 374 2011 1102 2104; baseline -0.001 -22"><span class='ocrx_word' id='word_1_102' title='bbox 374 2021 474 2082; x_wconf 79' lang='grc' dir='ltr'><strong><em>κείνου</em></strong></span> <span class='ocrx_word' id='word_1_103' title='bbox 494 2012 569 2082; x_wconf 69' lang='grc' dir='ltr'><strong><em>ὑπαὶ</em></strong></span> <span class='ocrx_word' id='word_1_104' title='bbox 589 2018 736 2101; x_wconf 78' lang='grc' dir='ltr'><strong><em>βελέεσσιν</em></strong></span> <span class='ocrx_word' id='word_1_105' title='bbox 755 2015 915 2104; x_wconf 80' lang='grc' dir='ltr'><strong><em>ὀϊζυροῑς</em></strong></span> <span class='ocrx_word' id='word_1_106' title='bbox 935 2011 1102 2083; x_wconf 76' lang='grc' dir='ltr'><strong><em>ἇπολέσθαι</em></strong></span> 
     </span>
     <span class='ocr_line' id='line_1_16' title="bbox 246 2111 1149 2204; baseline -0.002 -20"><span class='ocrx_word' id='word_1_107' title='bbox 246 2145 302 2204; x_wconf 87' lang='lat' dir='ltr'><strong>pro</strong></span> <span class='ocrx_word' id='word_1_108' title='bbox 320 2124 404 2202; x_wconf 85' lang='lat' dir='ltr'><strong>vulg.</strong></span> <span class='ocrx_word' id='word_1_109' title='bbox 427 2111 567 2201; x_wconf 74' lang='grc' dir='ltr'><strong><em>ὀϊζυροῖς,</em></strong></span> <span class='ocrx_word' id='word_1_110' title='bbox 589 2125 659 2184; x_wconf 82' lang='lat' dir='ltr'><strong>soll.</strong></span> <span class='ocrx_word' id='word_1_111' title='bbox 683 2125 720 2199; x_wconf 85' lang='lat'><strong>6,</strong></span> <span class='ocrx_word' id='word_1_112' title='bbox 745 2124 816 2185; x_wconf 86' lang='grc'><strong>399.</strong></span> <span class='ocrx_word' id='word_1_113' title='bbox 839 2124 873 2199; x_wconf 90' lang='grc'><strong>9,</strong></span> <span class='ocrx_word' id='word_1_114' title='bbox 897 2123 947 2184; x_wconf 94' lang='grc'><strong>21.</strong></span> <span class='ocrx_word' id='word_1_115' title='bbox 972 2159 1013 2168; x_wconf 94' lang='grc'>-</span> <span class='ocrx_word' id='word_1_116' title='bbox 1035 2146 1065 2184; x_wconf 88' lang='lat' dir='ltr'><strong>v.</strong></span> <span class='ocrx_word' id='word_1_117' title='bbox 1080 2122 1149 2183; x_wconf 92' lang='grc'><strong>124.</strong></span> 
     </span>
    </p>

    <p class='ocr_par' dir='ltr' id='par_1_9' title="bbox 244 2214 1395 2510">
     <span class='ocr_line' id='line_1_17' title="bbox 374 2214 1113 2307; baseline 0 -22"><span class='ocrx_word' id='word_1_118' title='bbox 374 2214 469 2285; x_wconf 76' lang='lat' dir='ltr'><strong>oillei</strong></span> <span class='ocrx_word' id='word_1_119' title='bbox 489 2221 517 2300; x_wconf 87' lang='grc' dir='ltr'><strong>έ,</strong></span> <span class='ocrx_word' id='word_1_120' title='bbox 537 2214 576 2297; x_wconf 75' lang='grc' dir='ltr'><strong>ὥς</strong></span> <span class='ocrx_word' id='word_1_121' title='bbox 597 2217 723 2303; x_wconf 80' lang='grc' dir='ltr'><strong><em>ζάοντα,</em></strong></span> <span class='ocrx_word' id='word_1_122' title='bbox 745 2223 837 2287; x_wconf 88' lang='grc' dir='ltr'><strong><em>νέκυν</em></strong></span> <span class='ocrx_word' id='word_1_123' title='bbox 857 2225 1113 2307; x_wconf 80' lang='grc' dir='ltr'><strong><em>περιπεφρέκασιν.</em></strong></span> 
     </span>
     <span class='ocr_line' id='line_1_18' title="bbox 244 2325 1395 2409; baseline -0.002 -24"><span class='ocrx_word' id='word_1_124' title='bbox 244 2327 358 2387; x_wconf 81' lang='lat' dir='ltr'><strong>Hiatus</strong></span> <span class='ocrx_word' id='word_1_125' title='bbox 386 2328 418 2387; x_wconf 91' lang='lat' dir='ltr'><strong>in</strong></span> <span class='ocrx_word' id='word_1_126' title='bbox 438 2327 499 2386; x_wconf 90' lang='lat' dir='ltr'><strong>fine</strong></span> <span class='ocrx_word' id='word_1_127' title='bbox 522 2328 611 2408; x_wconf 88' lang='lat' dir='ltr'><strong>primi</strong></span> <span class='ocrx_word' id='word_1_128' title='bbox 630 2328 719 2409; x_wconf 86' lang='lat' dir='ltr'><strong>pedis</strong></span> <span class='ocrx_word' id='word_1_129' title='bbox 738 2328 865 2387; x_wconf 88' lang='lat' dir='ltr'><strong>tolerari</strong></span> <span class='ocrx_word' id='word_1_130' title='bbox 883 2328 1006 2407; x_wconf 86' lang='lat' dir='ltr'><strong>nequit,</strong></span> <span class='ocrx_word' id='word_1_131' title='bbox 1037 2347 1108 2386; x_wconf 88' lang='lat' dir='ltr'><strong>narn</strong></span> <span class='ocrx_word' id='word_1_132' title='bbox 1131 2346 1212 2406; x_wconf 87' lang='lat' dir='ltr'><strong>quae</strong></span> <span class='ocrx_word' id='word_1_133' title='bbox 1233 2325 1395 2403; x_wconf 86' lang='lat' dir='ltr'><strong>ejusmodi</strong></span> 
     </span>
     <span class='ocr_line' id='line_1_19' title="bbox 246 2426 1393 2510; baseline -0.004 -23"><span class='ocrx_word' id='word_1_134' title='bbox 246 2430 389 2509; x_wconf 82' lang='lat' dir='ltr'><strong>exempla</strong></span> <span class='ocrx_word' id='word_1_135' title='bbox 399 2450 438 2489; x_wconf 85' lang='lat' dir='ltr'><strong>ex</strong></span> <span class='ocrx_word' id='word_1_136' title='bbox 446 2427 561 2506; x_wconf 82' lang='lat' dir='ltr'><strong>Quinto</strong></span> <span class='ocrx_word' id='word_1_137' title='bbox 570 2429 673 2488; x_wconf 85' lang='lat' dir='ltr'><strong>afferri</strong></span> <span class='ocrx_word' id='word_1_138' title='bbox 684 2440 822 2510; x_wconf 82' lang='lat' dir='ltr'><strong>possunt,</strong></span> <span class='ocrx_word' id='word_1_139' title='bbox 836 2450 874 2488; x_wconf 88' lang='lat' dir='ltr'><strong>ea</strong></span> <span class='ocrx_word' id='word_1_140' title='bbox 882 2429 934 2489; x_wconf 89' lang='lat' dir='ltr'><strong>vel</strong></span> <span class='ocrx_word' id='word_1_141' title='bbox 948 2438 1091 2509; x_wconf 79' lang='lat' dir='ltr'><strong>corrupta</strong></span> <span class='ocrx_word' id='word_1_142' title='bbox 1101 2437 1181 2501; x_wconf 85' lang='lat' dir='ltr'><strong>sunt,</strong></span> <span class='ocrx_word' id='word_1_143' title='bbox 1193 2436 1227 2487; x_wconf 93' lang='lat' dir='ltr'><strong>ut</strong></span> <span class='ocrx_word' id='word_1_144' title='bbox 1242 2426 1293 2500; x_wconf 89' lang='lat'><strong>11,</strong></span> <span class='ocrx_word' id='word_1_145' title='bbox 1311 2426 1393 2486; x_wconf 83' lang='lat'>365:</span> 
     </span>
    </p>

    <p class='ocr_par' dir='ltr' id='par_1_10' title="bbox 374 2519 1145 2611">
     <span class='ocr_line' id='line_1_20' title="bbox 374 2519 1145 2611; baseline 0.004 -23"><span class='ocrx_word' id='word_1_146' title='bbox 374 2532 473 2589; x_wconf 86' lang='grc' dir='ltr'><strong><em>τοῖαι</em></strong></span> <span class='ocrx_word' id='word_1_147' title='bbox 488 2519 629 2610; x_wconf 81' lang='grc' dir='ltr'><strong><em>Ἀργείων</em></strong></span> <span class='ocrx_word' id='word_1_148' title='bbox 649 2528 871 2606; x_wconf 78' lang='grc' dir='ltr'><strong><em>πεπυκασμένοι</em></strong></span> <span class='ocrx_word' id='word_1_149' title='bbox 893 2520 971 2610; x_wconf 69' lang='lat' dir='ltr'><strong>cippi</strong></span> <span class='ocrx_word' id='word_1_150' title='bbox 992 2531 1101 2611; x_wconf 81' lang='grc' dir='ltr'><strong><em>βοείαις</em></strong></span> <span class='ocrx_word' id='word_1_151' title='bbox 1143 2596 1145 2599; x_wconf 55' lang='grc'><strong>,</strong></span> 
     </span>
    </p>

    <p class='ocr_par' dir='ltr' id='par_1_11' title="bbox 244 2622 1435 3125">
     <span class='ocr_line' id='line_1_21' title="bbox 373 2622 743 2711; baseline 0.003 -22"><span class='ocrx_word' id='word_1_152' title='bbox 373 2622 556 2711; x_wconf 68' lang='grc' dir='ltr'><strong><em>καρτύναπο</em></strong></span> <span class='ocrx_word' id='word_1_153' title='bbox 577 2623 743 2710; x_wconf 72' lang='grc' dir='ltr'><strong><em>φάλαγγες,</em></strong></span> 
     </span>
     <span class='ocr_line' id='line_1_22' title="bbox 244 2730 1393 2814; baseline -0.001 -23"><span class='ocrx_word' id='word_1_154' title='bbox 244 2733 297 2793; x_wconf 90' lang='lat' dir='ltr'><strong>ubi</strong></span> <span class='ocrx_word' id='word_1_155' title='bbox 318 2730 440 2811; x_wconf 81' lang='lat' dir='ltr'><strong>syllaba</strong></span> <span class='ocrx_word' id='word_1_156' title='bbox 462 2731 500 2790; x_wconf 90' lang='lat' dir='ltr'><strong>ob</strong></span> <span class='ocrx_word' id='word_1_157' title='bbox 522 2732 751 2793; x_wconf 87' lang='lat' dir='ltr'><strong>similitudinem</strong></span> <span class='ocrx_word' id='word_1_158' title='bbox 770 2733 856 2793; x_wconf 82' lang='lat' dir='ltr'><strong>vocis</strong></span> <span class='ocrx_word' id='word_1_159' title='bbox 875 2735 1033 2814; x_wconf 86' lang='lat' dir='ltr'><strong>sequentis</strong></span> <span class='ocrx_word' id='word_1_160' title='bbox 1048 2733 1179 2811; x_wconf 81' lang='lat' dir='ltr'><strong>fugitiva</strong></span> <span class='ocrx_word' id='word_1_161' title='bbox 1193 2732 1393 2792; x_wconf 85' lang='lat' dir='ltr'><strong>restituenda</strong></span> 
     </span>
     <span class='ocr_line' id='line_1_23' title="bbox 247 2821 1393 2915; baseline -0.001 -22"><span class='ocrx_word' id='word_1_162' title='bbox 247 2843 306 2893; x_wconf 89' lang='lat' dir='ltr'><strong>est:</strong></span> <span class='ocrx_word' id='word_1_163' title='bbox 330 2835 434 2892; x_wconf 84' lang='grc' dir='ltr'><strong><em>τοῖαι</em></strong></span> <span class='ocrx_word' id='word_1_164' title='bbox 454 2822 511 2914; x_wconf 68' lang='grc' dir='ltr'><strong>ἄρ’</strong></span> <span class='ocrx_word' id='word_1_165' title='bbox 532 2821 673 2914; x_wconf 78' lang='grc' dir='ltr'><strong><em>Ἀργείων</em></strong></span> <span class='ocrx_word' id='word_1_166' title='bbox 694 2855 722 2895; x_wconf 85' lang='grc' dir='ltr'><strong><em>κ.</em></strong></span> <span class='ocrx_word' id='word_1_167' title='bbox 746 2856 769 2895; x_wconf 91' lang='grc' dir='ltr'><strong>τ.</strong></span> <span class='ocrx_word' id='word_1_168' title='bbox 793 2837 836 2910; x_wconf 83' lang='grc'><strong>1.,</strong></span> <span class='ocrx_word' id='word_1_169' title='bbox 860 2836 942 2915; x_wconf 86' lang='lat' dir='ltr'><strong>quod</strong></span> <span class='ocrx_word' id='word_1_170' title='bbox 962 2857 980 2894; x_wconf 86' lang='lat' dir='ltr'><strong>a</strong></span> <span class='ocrx_word' id='word_1_171' title='bbox 996 2833 1159 2914; x_wconf 83' lang='lat' dir='ltr'><strong>Spitznero</strong></span> <span class='ocrx_word' id='word_1_172' title='bbox 1176 2855 1303 2914; x_wconf 89' lang='lat' dir='ltr'><strong>quoque</strong></span> <span class='ocrx_word' id='word_1_173' title='bbox 1323 2835 1393 2911; x_wconf 85' lang='lat' dir='ltr'><strong>jam</strong></span> 
     </span>
     <span class='ocr_line' id='line_1_24' title="bbox 244 2934 1434 3019; baseline -0.002 -25"><span class='ocrx_word' id='word_1_174' title='bbox 244 2944 382 3019; x_wconf 87' lang='lat' dir='ltr'><strong>notatum</strong></span> <span class='ocrx_word' id='word_1_175' title='bbox 405 2945 452 2995; x_wconf 89' lang='lat' dir='ltr'><strong>est</strong></span> <span class='ocrx_word' id='word_1_176' title='bbox 473 2936 570 2995; x_wconf 89' lang='lat' dir='ltr'><strong>Mant.</strong></span> <span class='ocrx_word' id='word_1_177' title='bbox 592 2959 623 3018; x_wconf 89' lang='lat' dir='ltr'><strong>p.</strong></span> <span class='ocrx_word' id='word_1_178' title='bbox 646 2934 738 3010; x_wconf 77' lang='grc'><strong>259,</strong></span> <span class='ocrx_word' id='word_1_179' title='bbox 768 2938 908 3018; x_wconf 89' lang='lat' dir='ltr'><strong>quinon</strong></span> <span class='ocrx_word' id='word_1_180' title='bbox 928 2939 1027 2997; x_wconf 90' lang='lat' dir='ltr'><strong>minus</strong></span> <span class='ocrx_word' id='word_1_181' title='bbox 1050 2938 1143 2996; x_wconf 92' lang='lat' dir='ltr'><strong>alium</strong></span> <span class='ocrx_word' id='word_1_182' title='bbox 1164 2937 1265 2996; x_wconf 83' lang='lat' dir='ltr'><strong>locum</strong></span> <span class='ocrx_word' id='word_1_183' title='bbox 1288 2934 1326 3006; x_wconf 87' lang='grc'><strong>6,</strong></span> <span class='ocrx_word' id='word_1_184' title='bbox 1350 2934 1392 2994; x_wconf 85' lang='grc'><strong>35</strong></span> <span class='ocrx_word' id='word_1_185' title='bbox 1433 2962 1434 2977; x_wconf 49' lang='grc' dir='ltr'><strong><em>ι</em></strong></span> 
     </span>
     <span class='ocr_line' id='line_1_25' title="bbox 244 2988 1435 3119; baseline -0.002 -23"><span class='ocrx_word' id='word_1_186' title='bbox 244 3038 324 3097; x_wconf 89' lang='lat' dir='ltr'><strong>bene</strong></span> <span class='ocrx_word' id='word_1_187' title='bbox 354 3039 491 3114; x_wconf 81' lang='lat' dir='ltr'><strong>sanavit3</strong></span> <span class='ocrx_word' id='word_1_188' title='bbox 515 3074 557 3082; x_wconf 93' lang='lat'><strong>-—</strong></span> <span class='ocrx_word' id='word_1_189' title='bbox 579 3039 631 3098; x_wconf 88' lang='lat' dir='ltr'><strong>vel</strong></span> <span class='ocrx_word' id='word_1_190' title='bbox 654 3039 747 3098; x_wconf 87' lang='lat' dir='ltr'><strong>aliam</strong></span> <span class='ocrx_word' id='word_1_191' title='bbox 769 3040 1000 3099; x_wconf 84' lang='lat' dir='ltr'><strong>exeusationem</strong></span> <span class='ocrx_word' id='word_1_192' title='bbox 1022 3039 1152 3111; x_wconf 83' lang='lat' dir='ltr'><strong>habent,</strong></span> <span class='ocrx_word' id='word_1_193' title='bbox 1180 3047 1214 3096; x_wconf 95' lang='lat' dir='ltr'><strong>ut</strong></span> <span class='ocrx_word' id='word_1_194' title='bbox 1235 3037 1271 3110; x_wconf 87' lang='grc'><strong>4,</strong></span> <span class='ocrx_word' id='word_1_195' title='bbox 1309 3034 1389 3096; x_wconf 78' lang='lat'><strong>185:</strong></span> <span class='ocrx_word' id='word_1_196' title='bbox 1432 2988 1435 3119; x_wconf 76' lang='grc'><strong>1</strong></span> 
     </span>
    </p>

    <p class='ocr_par' dir='ltr' id='par_1_12' title="bbox 241 3127 1434 4130">
     <span class='ocr_line' id='line_1_26' title="bbox 371 3127 1207 3218; baseline 0.002 -23"><span class='ocrx_word' id='word_1_197' title='bbox 371 3140 431 3196; x_wconf 80' lang='grc' dir='ltr'><strong><em>τῶν</em></strong></span> <span class='ocrx_word' id='word_1_198' title='bbox 451 3135 538 3216; x_wconf 85' lang='grc' dir='ltr'><strong><em>πέρι</em></strong></span> <span class='ocrx_word' id='word_1_199' title='bbox 557 3137 637 3199; x_wconf 79' lang='grc' dir='ltr'><strong><em>οἵδε</em></strong></span> <span class='ocrx_word' id='word_1_200' title='bbox 658 3127 801 3216; x_wconf 86' lang='grc' dir='ltr'><strong><em>άνέσταν,</em></strong></span> <span class='ocrx_word' id='word_1_201' title='bbox 822 3132 987 3218; x_wconf 79' lang='grc' dir='ltr'><strong><em>έελὸόμενοι</em></strong></span> <span class='ocrx_word' id='word_1_202' title='bbox 1008 3136 1085 3218; x_wconf 87' lang='grc' dir='ltr'><strong><em>μέγα</em></strong></span> <span class='ocrx_word' id='word_1_203' title='bbox 1106 3138 1207 3216; x_wconf 84' lang='grc' dir='ltr'><strong><em>νίκης,</em></strong></span> 
     </span>
     <span class='ocr_line' id='line_1_27' title="bbox 243 3208 1434 3322; baseline 0.002 -25"><span class='ocrx_word' id='word_1_204' title='bbox 243 3238 296 3298; x_wconf 92' lang='lat' dir='ltr'><strong>ubi</strong></span> <span class='ocrx_word' id='word_1_205' title='bbox 317 3238 514 3297; x_wconf 87' lang='lat' dir='ltr'><strong>Hermannus</strong></span> <span class='ocrx_word' id='word_1_206' title='bbox 538 3239 647 3318; x_wconf 83' lang='lat' dir='ltr'><strong>(Orph.</strong></span> <span class='ocrx_word' id='word_1_207' title='bbox 672 3261 702 3319; x_wconf 87' lang='lat' dir='ltr'><strong>p.</strong></span> <span class='ocrx_word' id='word_1_208' title='bbox 727 3241 801 3320; x_wconf 83' lang='grc'><strong>744)</strong></span> <span class='ocrx_word' id='word_1_209' title='bbox 824 3243 977 3322; x_wconf 73' lang='lat' dir='ltr'><strong>duplicem</strong></span> <span class='ocrx_word' id='word_1_210' title='bbox 997 3243 1113 3301; x_wconf 86' lang='lat' dir='ltr'><strong>hiatum</strong></span> <span class='ocrx_word' id='word_1_211' title='bbox 1134 3240 1288 3299; x_wconf 86' lang='lat' dir='ltr'><strong>vitaturus</strong></span> <span class='ocrx_word' id='word_1_212' title='bbox 1314 3240 1389 3298; x_wconf 86' lang='lat' dir='ltr'><strong>scri·</strong></span> <span class='ocrx_word' id='word_1_213' title='bbox 1432 3208 1434 3299; x_wconf 88' lang='lat' dir='ltr'><strong>l</strong></span> 
     </span>
     <span class='ocr_line' id='line_1_28' title="bbox 244 3328 1389 3424; baseline 0.001 -26"><span class='ocrx_word' id='word_1_214' title='bbox 244 3340 321 3418; x_wconf 88' lang='lat' dir='ltr'><strong>psit:</strong></span> <span class='ocrx_word' id='word_1_215' title='bbox 345 3339 406 3398; x_wconf 75' lang='grc' dir='ltr'><strong><em>τῶν</em></strong></span> <span class='ocrx_word' id='word_1_216' title='bbox 427 3335 510 3418; x_wconf 84' lang='grc' dir='ltr'><strong><em>πέρι</em></strong></span> <span class='ocrx_word' id='word_1_217' title='bbox 533 3339 634 3399; x_wconf 69' lang='lat' dir='ltr'><strong>votes</strong></span> <span class='ocrx_word' id='word_1_218' title='bbox 655 3329 685 3418; x_wconf 82' lang='grc' dir='ltr'><strong>γ’</strong></span> <span class='ocrx_word' id='word_1_219' title='bbox 710 3328 846 3403; x_wconf 87' lang='grc' dir='ltr'><strong><em>άνέσταν.</em></strong></span> <span class='ocrx_word' id='word_1_220' title='bbox 893 3343 958 3406; x_wconf 84' lang='lat' dir='ltr'><strong>Sed</strong></span> <span class='ocrx_word' id='word_1_221' title='bbox 982 3345 1054 3404; x_wconf 89' lang='lat' dir='ltr'><strong>fuit:</strong></span> <span class='ocrx_word' id='word_1_222' title='bbox 1078 3344 1138 3402; x_wconf 83' lang='grc' dir='ltr'><strong><em>τῶν</em></strong></span> <span class='ocrx_word' id='word_1_223' title='bbox 1157 3339 1245 3424; x_wconf 87' lang='grc' dir='ltr'><strong><em>πέρι</em></strong></span> <span class='ocrx_word' id='word_1_224' title='bbox 1268 3339 1311 3399; x_wconf 80' lang='grc' dir='ltr'><strong><em>οἱ</em></strong></span> <span class='ocrx_word' id='word_1_225' title='bbox 1330 3330 1389 3400; x_wconf 79' lang='grc' dir='ltr'><strong>δύ’</strong></span> 
     </span>
     <span class='ocr_line' id='line_1_29' title="bbox 244 3430 1389 3523; baseline 0.003 -25"><span class='ocrx_word' id='word_1_226' title='bbox 244 3430 387 3513; x_wconf 84' lang='grc' dir='ltr'><strong><em>ἆνέσταν;</em></strong></span> <span class='ocrx_word' id='word_1_227' title='bbox 416 3439 456 3499; x_wconf 85' lang='lat' dir='ltr'><strong>ef.</strong></span> <span class='ocrx_word' id='word_1_228' title='bbox 473 3461 504 3499; x_wconf 85' lang='lat' dir='ltr'><strong>v.</strong></span> <span class='ocrx_word' id='word_1_229' title='bbox 527 3439 599 3499; x_wconf 84' lang='lat'><strong>215.</strong></span> <span class='ocrx_word' id='word_1_230' title='bbox 629 3438 679 3498; x_wconf 87' lang='grc'><strong>29.</strong></span> <span class='ocrx_word' id='word_1_231' title='bbox 704 3443 757 3504; x_wconf 90' lang='lat' dir='ltr'><strong>ubi</strong></span> <span class='ocrx_word' id='word_1_232' title='bbox 781 3435 860 3504; x_wconf 72' lang='grc' dir='ltr'><strong><em>ἄλλοι</em></strong></span> <span class='ocrx_word' id='word_1_233' title='bbox 888 3439 951 3506; x_wconf 78' lang='grc' dir='ltr'><strong><em>δύο)</em></strong></span> <span class='ocrx_word' id='word_1_234' title='bbox 980 3448 1059 3523; x_wconf 81' lang='grc' dir='ltr'><strong><em>φῶτε</em></strong></span> <span class='ocrx_word' id='word_1_235' title='bbox 1088 3444 1210 3523; x_wconf 81' lang='lat' dir='ltr'><strong>legitur.</strong></span> <span class='ocrx_word' id='word_1_236' title='bbox 1255 3444 1389 3502; x_wconf 82' lang='lat' dir='ltr'><strong>Hiatum</strong></span> 
     </span>
     <span class='ocr_line' id='line_1_30' title="bbox 244 3539 1390 3628; baseline 0.002 -27"><span class='ocrx_word' id='word_1_237' title='bbox 244 3562 318 3601; x_wconf 86' lang='lat' dir='ltr'><strong>vero</strong></span> <span class='ocrx_word' id='word_1_238' title='bbox 337 3550 408 3621; x_wconf 91' lang='lat' dir='ltr'><strong>post</strong></span> <span class='ocrx_word' id='word_1_239' title='bbox 425 3539 493 3622; x_wconf 81' lang='grc' dir='ltr'><strong><em>περὶ</em></strong></span> <span class='ocrx_word' id='word_1_240' title='bbox 509 3541 669 3603; x_wconf 87' lang='lat' dir='ltr'><strong>ferendum</strong></span> <span class='ocrx_word' id='word_1_241' title='bbox 686 3543 779 3622; x_wconf 84' lang='lat' dir='ltr'><strong>duco;</strong></span> <span class='ocrx_word' id='word_1_242' title='bbox 803 3567 894 3627; x_wconf 89' lang='lat' dir='ltr'><strong>quem</strong></span> <span class='ocrx_word' id='word_1_243' title='bbox 910 3549 937 3608; x_wconf 87' lang='lat' dir='ltr'><strong>si</strong></span> <span class='ocrx_word' id='word_1_244' title='bbox 950 3548 1148 3628; x_wconf 82' lang='lat' dir='ltr'><strong>pertinaciter</strong></span> <span class='ocrx_word' id='word_1_245' title='bbox 1164 3544 1390 3605; x_wconf 88' lang='lat' dir='ltr'><strong>eliminandum</strong></span> 
     </span>
     <span class='ocr_line' id='line_1_31' title="bbox 245 3638 1388 3726; baseline -0.001 -21"><span class='ocrx_word' id='word_1_246' title='bbox 245 3645 389 3718; x_wconf 86' lang='lat' dir='ltr'><strong>duxeris,</strong></span> <span class='ocrx_word' id='word_1_247' title='bbox 413 3643 527 3705; x_wconf 79' lang='lat' dir='ltr'><strong>scribe:</strong></span> <span class='ocrx_word' id='word_1_248' title='bbox 557 3645 617 3703; x_wconf 76' lang='grc' dir='ltr'><strong><em>τῶν</em></strong></span> <span class='ocrx_word' id='word_1_249' title='bbox 637 3642 723 3725; x_wconf 83' lang='grc' dir='ltr'><strong><em>πέρι</em></strong></span> <span class='ocrx_word' id='word_1_250' title='bbox 743 3645 843 3708; x_wconf 75' lang='grc' dir='ltr'><strong><em>δοιοὶ</em></strong></span> <span class='ocrx_word' id='word_1_251' title='bbox 865 3638 994 3709; x_wconf 86' lang='grc' dir='ltr'><strong><em>άνέσταν</em></strong></span> <span class='ocrx_word' id='word_1_252' title='bbox 1014 3670 1041 3708; x_wconf 93' lang='grc' dir='ltr'><strong><em>κ.</em></strong></span> <span class='ocrx_word' id='word_1_253' title='bbox 1064 3669 1089 3706; x_wconf 94' lang='grc' dir='ltr'><strong><em>τ.</em></strong></span> <span class='ocrx_word' id='word_1_254' title='bbox 1108 3650 1133 3707; x_wconf 82' lang='grc' dir='ltr'><strong>λ.</strong></span> <span class='ocrx_word' id='word_1_255' title='bbox 1167 3647 1254 3706; x_wconf 87' lang='lat' dir='ltr'><strong>Bene</strong></span> <span class='ocrx_word' id='word_1_256' title='bbox 1276 3647 1388 3726; x_wconf 88' lang='lat' dir='ltr'><strong>itaque</strong></span> 
     </span>
     <span class='ocr_line' id='line_1_32' title="bbox 241 3735 1388 3827; baseline 0 -21"><span class='ocrx_word' id='word_1_257' title='bbox 241 3748 437 3806; x_wconf 86' lang='lat' dir='ltr'><strong>Hermannus</strong></span> <span class='ocrx_word' id='word_1_258' title='bbox 460 3744 555 3826; x_wconf 89' lang='lat' dir='ltr'><strong>Orph.</strong></span> <span class='ocrx_word' id='word_1_259' title='bbox 575 3768 605 3827; x_wconf 88' lang='lat' dir='ltr'><strong>p.</strong></span> <span class='ocrx_word' id='word_1_260' title='bbox 629 3746 699 3806; x_wconf 87' lang='grc'><strong>743.</strong></span> <span class='ocrx_word' id='word_1_261' title='bbox 723 3735 799 3806; x_wconf 77' lang='grc' dir='ltr'><strong><em>ἄλλά</em></strong></span> <span class='ocrx_word' id='word_1_262' title='bbox 820 3747 866 3826; x_wconf 81' lang='grc' dir='ltr'><strong><em>οἱ,</em></strong></span> <span class='ocrx_word' id='word_1_263' title='bbox 887 3740 926 3822; x_wconf 77' lang='grc' dir='ltr'><strong>ὡς</strong></span> <span class='ocrx_word' id='word_1_264' title='bbox 941 3742 1052 3822; x_wconf 74' lang='grc' dir='ltr'><strong><em>ζώοντα</em></strong></span> <span class='ocrx_word' id='word_1_265' title='bbox 1068 3770 1096 3808; x_wconf 90' lang='grc' dir='ltr'><strong><em>κ.</em></strong></span> <span class='ocrx_word' id='word_1_266' title='bbox 1111 3769 1135 3807; x_wconf 91' lang='grc' dir='ltr'><strong>τ.</strong></span> <span class='ocrx_word' id='word_1_267' title='bbox 1152 3751 1177 3812; x_wconf 75' lang='lat' dir='ltr'><strong>t.</strong></span> <span class='ocrx_word' id='word_1_268' title='bbox 1213 3748 1388 3807; x_wconf 89' lang='lat' dir='ltr'><strong>Praeterea</strong></span> 
     </span>
     <span class='ocr_line' id='line_1_33' title="bbox 241 3845 1389 3931; baseline -0.001 -23"><span class='ocrx_word' id='word_1_269' title='bbox 241 3849 369 3909; x_wconf 88' lang='lat' dir='ltr'><strong>verbum</strong></span> <span class='ocrx_word' id='word_1_270' title='bbox 400 3845 580 3927; x_wconf 87' lang='grc' dir='ltr'><strong><em>περιφρίττω</em></strong></span> <span class='ocrx_word' id='word_1_271' title='bbox 611 3848 697 3908; x_wconf 88' lang='lat' dir='ltr'><strong>dubii</strong></span> <span class='ocrx_word' id='word_1_272' title='bbox 729 3857 818 3922; x_wconf 84' lang='lat' dir='ltr'><strong>nota,</strong></span> <span class='ocrx_word' id='word_1_273' title='bbox 854 3872 916 3931; x_wconf 87' lang='lat' dir='ltr'><strong>qua</strong></span> <span class='ocrx_word' id='word_1_274' title='bbox 948 3852 1126 3928; x_wconf 81' lang='lat' dir='ltr'><strong>insignitum</strong></span> <span class='ocrx_word' id='word_1_275' title='bbox 1156 3850 1268 3926; x_wconf 85' lang='lat' dir='ltr'><strong>legitur</strong></span> <span class='ocrx_word' id='word_1_276' title='bbox 1303 3849 1389 3930; x_wconf 88' lang='lat' dir='ltr'><strong>apud</strong></span> 
     </span>
     <span class='ocr_line' id='line_1_34' title="bbox 243 3948 1388 4029; baseline 0 -20"><span class='ocrx_word' id='word_1_277' title='bbox 243 3949 464 4010; x_wconf 77' lang='lat' dir='ltr'><strong>Schneiderum</strong></span> <span class='ocrx_word' id='word_1_278' title='bbox 485 3948 517 4006; x_wconf 91' lang='lat' dir='ltr'><strong>in</strong></span> <span class='ocrx_word' id='word_1_279' title='bbox 532 3949 665 4023; x_wconf 72' lang='lat' dir='ltr'><strong>Lenito,</strong></span> <span class='ocrx_word' id='word_1_280' title='bbox 685 3950 835 4013; x_wconf 88' lang='lat' dir='ltr'><strong>liberatur</strong></span> <span class='ocrx_word' id='word_1_281' title='bbox 856 3953 915 4011; x_wconf 83' lang='lat' dir='ltr'><strong>hoc</strong></span> <span class='ocrx_word' id='word_1_282' title='bbox 933 3952 1002 4011; x_wconf 83' lang='lat' dir='ltr'><strong>loeo</strong></span> <span class='ocrx_word' id='word_1_283' title='bbox 1018 3950 1141 4029; x_wconf 82' lang='lat' dir='ltr'><strong>Quinti,</strong></span> <span class='ocrx_word' id='word_1_284' title='bbox 1165 3952 1214 4010; x_wconf 82' lang='lat' dir='ltr'><strong>eui</strong></span> <span class='ocrx_word' id='word_1_285' title='bbox 1227 3960 1274 4009; x_wconf 89' lang='lat' dir='ltr'><strong>tot</strong></span> <span class='ocrx_word' id='word_1_286' title='bbox 1291 3953 1388 4010; x_wconf 86' lang='lat' dir='ltr'><strong>etiam</strong></span> 
     </span>
     <span class='ocr_line' id='line_1_35' title="bbox 242 4039 1215 4130; baseline 0.007 -28"><span class='ocrx_word' id='word_1_287' title='bbox 242 4046 304 4105; x_wconf 84' lang='lat' dir='ltr'><strong>alia</strong></span> <span class='ocrx_word' id='word_1_288' title='bbox 327 4050 495 4129; x_wconf 83' lang='lat' dir='ltr'><strong>composita</strong></span> <span class='ocrx_word' id='word_1_289' title='bbox 519 4071 586 4111; x_wconf 79' lang='lat' dir='ltr'><strong>cum</strong></span> <span class='ocrx_word' id='word_1_290' title='bbox 608 4039 687 4128; x_wconf 74' lang='grc' dir='ltr'><strong><em>άμφὶ</em></strong></span> <span class='ocrx_word' id='word_1_291' title='bbox 708 4061 739 4110; x_wconf 90' lang='lat' dir='ltr'><strong>et</strong></span> <span class='ocrx_word' id='word_1_292' title='bbox 756 4048 822 4130; x_wconf 85' lang='grc' dir='ltr'><strong><em>περὶ</em></strong></span> <span class='ocrx_word' id='word_1_293' title='bbox 844 4051 1003 4113; x_wconf 86' lang='lat' dir='ltr'><strong>debemus.</strong></span> <span class='ocrx_word' id='word_1_294' title='bbox 1026 4087 1068 4096; x_wconf 96' lang='lat'>—</span> <span class='ocrx_word' id='word_1_295' title='bbox 1092 4074 1122 4111; x_wconf 90' lang='lat' dir='ltr'><strong>v.</strong></span> <span class='ocrx_word' id='word_1_296' title='bbox 1143 4051 1215 4110; x_wconf 88' lang='grc'><strong>591.</strong></span> 
     </span>
    </p>

    <p class='ocr_par' dir='ltr' id='par_1_13' title="bbox 684 4141 1190 4232">
     <span class='ocr_line' id='line_1_36' title="bbox 684 4141 1190 4232; baseline 0 -21"><span class='ocrx_word' id='word_1_297' title='bbox 684 4145 1004 4232; x_wconf 83' lang='grc' dir='ltr'><strong><em>περιστενάχοντο</em></strong></span> <span class='ocrx_word' id='word_1_298' title='bbox 1027 4150 1060 4213; x_wconf 80' lang='grc' dir='ltr'><strong><em>δέ</em></strong></span> <span class='ocrx_word' id='word_1_299' title='bbox 1079 4141 1190 4232; x_wconf 75' lang='grc' dir='ltr'><strong><em>λυγρὸν</em></strong></span> 
     </span>
    </p>

    <p class='ocr_par' dir='ltr' id='par_1_14' title="bbox 242 4237 1389 4534">
     <span class='ocr_line' id='line_1_37' title="bbox 372 4237 693 4335; baseline 0.022 -27"><span class='ocrx_word' id='word_1_300' title='bbox 372 4237 462 4325; x_wconf 80' lang='grc' dir='ltr'><strong><em>κήτεα</em></strong></span> <span class='ocrx_word' id='word_1_301' title='bbox 481 4250 693 4335; x_wconf 77' lang='grc' dir='ltr'><strong><em>μυρομένῃσιν.</em></strong></span> 
     </span>
     <span class='ocr_line' id='line_1_38' title="bbox 243 4341 1387 4432; baseline 0.01 -31"><span class='ocrx_word' id='word_1_302' title='bbox 243 4341 449 4422; x_wconf 73' lang='lat' dir='ltr'><strong>Compositam</strong></span> <span class='ocrx_word' id='word_1_303' title='bbox 470 4351 551 4410; x_wconf 84' lang='lat' dir='ltr'><strong>hane</strong></span> <span class='ocrx_word' id='word_1_304' title='bbox 572 4353 717 4427; x_wconf 82' lang='lat' dir='ltr'><strong>formam,</strong></span> <span class='ocrx_word' id='word_1_305' title='bbox 748 4356 895 4431; x_wconf 81' lang='lat' dir='ltr'><strong>gutturali</strong></span> <span class='ocrx_word' id='word_1_306' title='bbox 915 4355 1006 4414; x_wconf 89' lang='lat' dir='ltr'><strong>litera</strong></span> <span class='ocrx_word' id='word_1_307' title='bbox 1028 4355 1227 4432; x_wconf 57' lang='lat' dir='ltr'><strong>insignitam.</strong></span> <span class='ocrx_word' id='word_1_308' title='bbox 1242 4353 1387 4412; x_wconf 89' lang='lat' dir='ltr'><strong>omittunt</strong></span> 
     </span>
     <span class='ocr_line' id='line_1_39' title="bbox 242 4442 1389 4534; baseline 0.013 -36"><span class='ocrx_word' id='word_1_309' title='bbox 242 4442 360 4515; x_wconf 82' lang='lat' dir='ltr'><strong>lexiea,</strong></span> <span class='ocrx_word' id='word_1_310' title='bbox 388 4466 471 4523; x_wconf 89' lang='lat' dir='ltr'><strong>quae</strong></span> <span class='ocrx_word' id='word_1_311' title='bbox 498 4458 602 4508; x_wconf 88' lang='lat' dir='ltr'><strong>tamen</strong></span> <span class='ocrx_word' id='word_1_312' title='bbox 631 4454 762 4529; x_wconf 87' lang='lat' dir='ltr'><strong>simplex</strong></span> <span class='ocrx_word' id='word_1_313' title='bbox 790 4448 917 4531; x_wconf 75' lang='grc' dir='ltr'><strong><em>στενάχω</em></strong></span> <span class='ocrx_word' id='word_1_314' title='bbox 938 4476 1000 4513; x_wconf 90' lang='lat' dir='ltr'><strong>non</strong></span> <span class='ocrx_word' id='word_1_315' title='bbox 1021 4456 1121 4513; x_wconf 88' lang='lat' dir='ltr'><strong>minus</strong></span> <span class='ocrx_word' id='word_1_316' title='bbox 1145 4473 1235 4534; x_wconf 86' lang='lat' dir='ltr'><strong>quam</strong></span> <span class='ocrx_word' id='word_1_317' title='bbox 1258 4446 1389 4526; x_wconf 86' lang='grc' dir='ltr'><strong><em>στενάζω</em></strong></span> 
     </span>
    </p>
   </div>
   <div class='ocr_carea' id='block_1_5' title="bbox 0 0 1446 5184">
    <p class='ocr_par' dir='ltr' id='par_1_15' title="bbox 0 0 1446 5184">
     <span class='ocr_line' id='line_1_40' title="bbox 0 0 1446 5184; baseline 0 1"><span class='ocrx_word' id='word_1_318' title='bbox 0 0 1446 5184; x_wconf 95' lang='lat' dir='ltr'><strong> </strong></span> 
     </span>
    </p>
   </div>
  </div>
 </body>
</html>
