2884 5184
486 500 755 550 Pnunnurus.
1126 495 1187 557 259

53 672 220 752 μαχομένων
241 663 402 752 άφιεμίνης
422 677 533 754 φωνῆς.
556 711 598 719 -
628 697 654 736 ο.
674 673 725 734 22.
749 699 780 756 Ρ.
806 676 875 738 193.
905 669 1012 742 τούτου
1033 673 1063 743 δ’
1090 680 1188 745 ἕνεκεν
1253 723 1257 731 ·

53 775 100 837 καὶ
124 768 193 849 τοὺς
220 767 370 854 ποταμοός
401 770 604 859 κερασφόρους
636 775 687 837 καὶ
720 780 922 861 ταυρωπαις
952 770 1189 845 ἀναπλάττουσιν

53 901 77 937 κ.
98 901 120 938 τ.
143 882 171 938 λ.
215 879 274 938 Ms.
299 888 379 939 testo
404 879 502 942 Galso
530 875 720 961 ταυρωποάς;
749 881 805 941 scd
830 874 958 962 ταυρόψ
981 906 1048 945 cum
1073 889 1188 963 ταυρω-

52 1000 97 1052 πις
117 990 149 1042 ot
169 972 324 1061 ταυρωπός
344 981 452 1042 codem
471 983 594 1043 vinculo
615 984 811 1062 conjunctum
830 994 889 1059 cst,
911 1003 970 1065 quo
991 976 1092 1063 εόάψ,
1116 979 1188 1047 εόω·

52 1073 118 1158 πός,
145 1071 261 1159 εόάπης
286 1091 317 1142 ct
338 1071 461 1156 εόῶπις,
489 1083 528 1144 dc
557 1084 667 1164 quibus
694 1085 767 1146 vido
797 1087 899 1166 Intpp.
929 1088 969 1147 od
991 1087 1085 1168 Soph.
1109 1087 1187 1149 Oed.

52 1186 122 1263 Tyr.
152 1182 222 1243 190.
265 1184 303 1243 In
322 1185 429 1245 cadem
455 1187 571 1265 pagina
597 1187 701 1272 mirari
727 1188 827 1266 possis
849 1197 1010 1266 praetcrea
1039 1192 1187 1250 accusati·

52 1307 117 1345 vum
144 1284 401 1364 τινακτοραγαίην.
428 1319 471 1333 -
504 1308 535 1366 p.
567 1286 636 1347 196.
666 1282 717 1348 διὰ
743 1285 776 1347 δὲ
803 1277 858 1366 τὴν
883 1287 1094 1368 θεωρουμένην
1119 1289 1190 1369 βίαν

52 1377 129 1466 παρά
150 1376 207 1463 τὴν
220 1380 380 1446 θάλασσαν
395 1384 446 1447 καλ
462 1386 550 1467 (dcl.)
567 1382 681 1460 πάντας
694 1380 763 1461 τοὺς
778 1388 893 1467 βιαίους
914 1387 966 1449 καλ
984 1395 1189 1470 μεγαλεπι-

53 1480 209 1564 βοόλους
230 1485 420 1565 γενομένους,
443 1480 482 1561 ὡς
499 1480 552 1550 τόν
572 1481 739 1566 Κύκλωπα,
762 1485 813 1548 καί
833 1481 901 1562 τοὺς
923 1490 1016 1570 (malo
1033 1483 1097 1571 τάς)
1113 1499 1191 1553 Λαι-

53 1579 211 1668 στρυγόνας
237 1586 287 1647 καί
312 1579 381 1662 τοὺς
406 1580 550 1663 Ἀλωΐδας
571 1590 760 1663 Ποσειδῶνος
785 1586 955 1667 ἐμύθευσαν
983 1586 1124 1674 ἐκγόνους
1150 1587 1190 1654 εί-

55 1713 108 1750 ναι.
151 1690 245 1751 Potct
262 1692 427 1770 legendum
448 1713 517 1753 csse
539 1684 871 1771 μεγαλεπιβόλους.
890 1728 932 1738 —
956 1717 981 1755 c.
999 1695 1049 1756 24.
1070 1719 1100 1776 p.
1121 1696 1190 1757 197.

54 1781 208 1874 Ἀφροδίτη
236 1789 269 1851 δέ
290 1789 368 1852 ἔστιν
396 1785 416 1870 ἡ
438 1786 630 1872 ἕνάγουσα
656 1785 688 1853 τό
710 1786 800 1873 άῤῥεν
821 1791 872 1853 καλ
897 1785 930 1855 τό
952 1798 1034 1873 θῆλυ
1055 1791 1191 1875 δόναμις,

54 1894 120 1971 lego
148 1885 381 1973 συνάγουσα.
404 1930 445 1940 -
475 1918 501 1957 c.
525 1895 576 1955 25.
605 1919 636 1977 p.
660 1893 733 1955 200.
762 1895 857 1957 Amor
885 1906 932 1957 cst
955 1888 1114 1978 πτερωτός,
1147 1891 1192 1959 ότι

55 1991 114 2053 καλ
141 1986 287 2071 φόνους
309 2001 397 2058 ποιεῖ.
440 2000 499 2058 Ms.
524 2000 618 2061 habet
639 1995 806 2075 κοάφονας,
839 1996 919 2058 Galo
943 1994 1084 2075 κου’φους.
1128 2001 1193 2061 Sed

54 2105 189 2175 apertum
212 2108 273 2170 cst,
300 2099 365 2177 lagi
386 2098 499 2159 dcberc
527 2092 753 2174 κουφόνους.
775 2129 818 2140 —-
848 2119 874 2157 c.
895 2097 946 2158 26.
965 2122 996 2178 p.
1019 2099 1091 2159 202.
1113 2106 1192 2160 θαυ-

54 2186 166 2274 μασμόν
193 2200 255 2269 τοῖς
281 2195 491 2274 ἐφεστᾶσιν
519 2196 567 2258 ἐπὶ
593 2192 649 2277 τὴν
671 2193 807 2270 διάταξιν
834 2188 927 2257 αὐτοῦ
952 2192 1048 2258 πολὺν
1069 2196 1191 2277 ἐμποιεῖ,

53 2300 119 2378 lcgc
142 2296 360 2375 ἐφεστῶσιν.
381 2335 422 2343 -
452 2322 478 2360 c.
506 2299 557 2360 27.
579 2322 610 2380 p.
630 2299 702 2359 203.
734 2296 854 2377 νεβρίδα
876 2296 908 2358 δὲ
928 2290 948 2377 ἢ
968 2294 1117 2382 πάρδαλιν
1138 2290 1192 2360 αό-

54 2390 101 2459 τὸν
127 2397 262 2478 ίνῆφθαι
285 2390 337 2460 διά
356 2392 412 2480 τὴν
433 2401 584 2461 ποικιλίαν
608 2405 668 2461 τῶν
689 2392 805 2482 άστρων
828 2398 879 2458 καὶ
907 2404 966 2461 τῶν
992 2394 1090 2461 ἄλλων
1118 2423 1193 2482 χρω-

54 2492 166 2577 μάτων,
188 2490 385 2582 θεωρεῖται
409 2498 441 2560 ἐν
462 2493 560 2586 αὐτῷ
566 2545 575 2578 ,
602 2504 672 2581 lego
695 2491 716 2561 ά
735 2505 891 2590 θεωρεῖται
910 2498 943 2561 ἐν
970 2493 1132 2584 οὐρανῷ.
1151 2538 1193 2546 -

55 2625 78 2661 c.
98 2602 149 2662 28.
181 2625 212 2683 Ρ.
235 2602 308 2662 207.
337 2604 436 2663 Multa
461 2606 511 2666 hic
534 2613 677 2684 corrupta
702 2613 788 2681 sunt3
817 2605 919 2665 locum
945 2605 1130 2679 adscribam,
1159 2614 1193 2664 ut

56 2726 120 2765 cum
141 2705 387 2765 constituendum
405 2707 535 2781 credidi,
559 2707 699 2788 quamvis
715 2706 879 2767 audaciore
903 2709 1094 2785 conjectura:
1118 2727 1193 2787 παρ-

54 2799 196 2884 ειςάγεται
223 2795 253 2865 δ’
283 2796 303 2883 ἡ
325 2802 393 2882 μὲν
412 2798 513 2867 Ἑστία
538 2804 691 2888 παρθένος
716 2792 812 2867 οὖσα
836 2795 886 2867 διά
914 2796 946 2867 τό
976 2798 1031 2885 τὴν
1057 2797 1194 2885 άκινη-

55 2906 88 2965 σί
92 2929 140 2966 αν
161 2896 286 2983 μηδενός
306 2900 382 2969 εἶναι
403 2901 593 2987 γεννητικὴν,
615 2907 665 2967 καὶ
683 2903 788 2969 τούτου
810 2900 897 2988 χάριν
913 2896 972 2968 ὖπό
994 2904 1196 2986 παρθένων

57 3011 254 3086 νεωκορεὶτατ,
282 3000 302 3087 ἡ
331 3005 364 3068 δὲ
393 3002 537 3089 Δημήτηρ
564 3002 684 3086 μήτηρ
710 2993 820 3084 οὖσα,
858 2999 957 3068 οόκίτι
987 3004 1195 3087 παρθένος,

55 3099 128 3168 άλλά
153 3106 216 3168 καὶ
243 3100 299 3187 τὴν
319 3106 422 3191 Κόρην
449 3114 598 3186 τετοκυῖα,
628 3101 693 3169 οἷον
712 3102 766 3169 τὸν
785 3102 899 3189 Κόραν,
930 3098 952 3187 ἦ
977 3097 1050 3186 πρός
1078 3098 1111 3166 τό
1132 3103 1196 3187 τρί-

56 3215 167 3284 φεσθαι
194 3208 277 3289 μέχρι
301 3205 401 3292 Κόρου
423 3204 489 3295 inp.
512 3245 554 3254 -
579 3235 610 3293 p.
632 3209 704 3271 298.
734 3196 774 3289 ἧς
800 3207 878 3270 ἔστιν
899 3207 996 3270 αίτιον
1013 3210 1066 3268 τοῦ
1089 3209 1143 3290 ζῇν
1164 3199 1194 3268 τό

54 3311 201 3392 πυρῶδες,
231 3313 302 3391 lcgc
323 3307 344 3391 η’
369 3310 391 3372 ἕ.
413 3337 440 3375 α.
462 3347 505 3359 ·-
534 3338 564 3396 p.
588 3312 659 3373 212.
687 3304 723 3372 τό
756 3300 786 3371 δ’
811 3303 890 3384 ἐντός
917 3315 993 3383 τοῖς
1020 3302 1197 3390 δενδρόδεσι

16 3437 17 3440 ’
56 3410 104 3473 καλ
125 3406 287 3490 ὑπονόμοις
309 3413 402 3492 ἔοικε,
424 3416 495 3495 iegc
515 3409 642 3488 τόποις
664 3409 850 3494 δενδρόδεσι.
871 3449 912 3459 -
942 3435 968 3473 c.
991 3412 1042 3473 30.
1067 3436 1098 3494 p.
1125 3411 1196 3473 218.

55 3505 128 3594 τάχα
150 3507 182 3573 δ’
203 3504 243 3573 όν
263 3513 358 3595 χαίροι
377 3511 499 3600 τοιούτῳ
522 3511 636 3594 θόματι
657 3516 714 3596 (sc.
739 3515 843 3596 capro)
864 3506 881 3575 ὃ
904 3507 1051 3584 Διόνυσος
1075 3508 1137 3573 διὰ
1158 3505 1197 3576 τό

56 3606 191 3678 ἔαυτόν
213 3609 315 3675 εἶναι
342 3605 408 3677 τόν
433 3610 589 3696 τράγον,
618 3606 675 3692 άφ’
697 3603 735 3676 οὗ
761 3613 865 3674 καλοί
886 3606 954 3675 όνοι
983 3611 1015 3672 ἕν
1036 3616 1101 3685 ταῖς
1122 3633 1199 3690 πομ-

55 3723 125 3791 παῖς
144 3707 236 3777 αότοῦ
257 3716 418 3794 θαμίζουσα
439 3714 490 3777 καλ
504 3713 542 3777 τοί
564 3708 674 3793 φάλλοι
696 3707 777 3796 αὐτῷ
797 3705 998 3775 ἀνατίθενται.
1041 3717 1195 3797 Interpre-

55 3822 128 3881 tatio
149 3821 277 3879 Latina:
301 3840 363 3878 cam
383 3826 481 3894 etipse
496 3822 592 3878 hircus
608 3836 668 3876 esse
686 3820 810 3893 feratur.
840 3815 911 3893 Qua
926 3817 957 3875 in
974 3819 1198 3877 constructione

55 3943 135 3981 nunc
157 3943 219 3981 non
240 3931 417 4002 tantopere,
444 3930 478 3982 ut
505 3923 537 3980 in
558 3927 782 4000 programmate
810 3917 950 3998 paschali
979 3939 1007 3976 a.
1030 3914 1122 3976 1816.
1142 3940 1196 3978 no·

57 4024 233 4083 minativum
272 4023 431 4097 desidero,
475 4023 514 4081 cf.
545 4030 650 4082 notata
683 4021 724 4079 ad
758 4020 899 4078 Lactant.
929 4018 998 4077 Lib.
1030 4021 1057 4077 1.
1091 4040 1117 4078 c.
1149 4018 1197 4077 15.

58 4123 87 4200 ᾗ.
108 4124 157 4183 15.
201 4125 317 4184 Varum
340 4125 396 4184 atsi
419 4126 463 4184 ita
484 4123 693 4184 accusativum
714 4121 864 4179 infinitivo
883 4122 1024 4198 junctum
1051 4122 1082 4179 in
1102 4121 1197 4179 serio.

57 4227 138 4286 ribus
161 4225 359 4305 scriptoribus
381 4228 455 4285 satis
478 4226 552 4284 ferri
580 4242 671 4302 possc
692 4230 794 4301 patet,
822 4229 941 4293 tamon,
972 4222 1132 4300 quominus
1152 4221 1196 4279 in·

57 4327 305 4407 terpretationcm
327 4326 484 4404 vulgatam
505 4324 688 4403 amplectar,
718 4321 860 4403 prohibat
889 4330 952 4380 tum
975 4322 1122 4382 articulus
1148 4310 1202 4380 τόν

59 4420 179 4506 τράγον,
207 4436 272 4487 tum
291 4428 361 4507 ipsa
383 4425 550 4499 scntcntio3
579 4442 649 4482 nam
672 4423 740 4504 quis
763 4423 855 4494 haec,
886 4442 1003 4503 quaeso
1027 4423 1196 4501 intelliget:

57 4529 178 4590 Baccho
205 4549 297 4608 capcr
323 4528 508 4599 immolatur,
537 4524 682 4605 quoniam
710 4525 778 4605 ipsc
805 4532 981 4605 caperest,
1011 4533 1197 4607 quapropter
