2884 5184
384 433 580 485 ostenta
603 435 846 485 SIBYLLINA.

524 612 595 670 Lm.
617 611 706 672 VIII.

54 751 78 786 v.
96 727 141 786 37.
200 720 268 804 ἥξει
289 727 336 787 σοι’
356 719 423 787 ποτ’
448 722 569 789 ἄνωθεν
590 728 655 807 ἴση,
678 719 988 811 ὖψαύχενεῬοὶμη.

54 828 138 888 scribi
160 833 269 909 potuit
291 832 427 890 numeris
448 832 608 911 pejoribus
636 822 816 909 ὕψαύχην
831 825 944 910 Ῥώμη,
970 835 1025 894 sed
1046 836 1118 895 vide
1139 835 1180 894 ad

56 931 76 986 7.
93 951 119 987 v.
139 928 193 988 85.
1020 992 1027 1008 ρ

51 1053 74 1089 v.
93 1029 139 1088 52.
201 1023 299 1092 ἔσσετ’
322 1026 397 1105 ἅναξ
414 1025 689 1109 πολιόιιρανος,
712 1029 788 1109 ἔχων
801 1031 891 1105 πέλας
906 1026 1021 1110 οὕνομα
1035 1028 1154 1095 πόντον.

50 1134 153 1192 Versus
175 1126 320 1214 α’μετρος,
344 1155 434 1215 quem
450 1154 511 1214 qua
527 1133 646 1192 ratione
665 1134 841 1208 emendem,
861 1137 977 1196 nescio.
1017 1135 1179 1195 Sententia

48 1234 206 1294 illustratur
230 1256 271 1295 ex
294 1235 445 1294 simillimo
464 1235 533 1293 loco
553 1233 607 1291 lib.
628 1232 656 1290 5.
680 1255 709 1291 v.
730 1236 782 1294 47.

50 1354 73 1391 v.
89 1334 134 1393 76.
151 1357 224 1416 sqq.
250 1326 349 1395 οὖιιὲτι
369 1351 415 1395 σοι
436 1338 487 1411 τῆς
506 1336 559 1411 σῆς
580 1337 879 1414 μεχαλανχενίης
901 1334 984 1407 κλέος
1002 1334 1082 1395 ἔσται

250 1429 319 1496 οὐδ’
339 1427 509 1518 ὀρθωθῆσχχ
529 1431 599 1494 ποτὲ
622 1427 779 1513 δύςμορος,
801 1427 875 1495 αλλὰ
898 1430 1029 1517 κλιθήσχ

251 1534 302 1597 nol
322 1529 380 1618 χᾶρ
399 1526 538 1613 ἆττοφό
545 1557 618 1614 ρων
643 1533 794 1614 λεχειόνων
815 1531 886 1611 δόξα
904 1540 1039 1595 πεσεῖται,

50 1637 116 1696 llira
142 1649 190 1698 est
221 1661 284 1699 vox
311 1637 541 1716 μεγαλανχενία;
576 1639 648 1710 fuit,
682 1640 715 1697 ni
743 1640 849 1709 fallor,
885 1636 1176 1714 μεχαλανχελης,

49 1739 103 1797 sive
129 1738 386 1818 μεγαλαυχίας
412 1738 563 1818 producta
592 1740 714 1817 syllaba
735 1739 913 1819 penultima.
959 1738 1090 1797 Versum
1111 1748 1171 1798 ter·

49 1840 109 1898 tium
135 1841 166 1899 in
195 1843 258 1901 alio
284 1842 434 1920 scriptore
468 1841 645 1900 necessario
676 1837 821 1899 emendes
854 1838 885 1895 in
914 1825 1172 1916 ἆεθλοφόροτν.

49 1940 115 2000 Num
135 1962 213 2002 vero
234 1944 306 2001 huic
325 1942 459 2022 relinqui
480 1942 595 2021 possit,
611 1962 678 2000 -non
699 1938 851 1996 discerno.
874 1972 914 1981 —
943 1961 972 1997 v.
1000 1937 1068 1999 121.
1092 1943 1171 2002 male

52 2045 226 2119 conjunctim
247 2044 390 2103 scribitur
411 2038 659 2120 παραφθιμένοις.

51 2163 73 2199 v.
95 2142 161 2204 187.
204 2147 497 2223 πιστοπορθεῑς,
518 2135 700 2216 ψευδέσσι
722 2129 848 2213 λόγοις
868 2137 1010 2216 δύςφημα,
1028 2138 1149 2217 χέοντες.

52 2243 153 2305 Versus
177 2239 311 2324 ἄμετρος.
348 2244 545 2324 Opsopaeus,
569 2234 707 2292 scribens
724 2243 932 2317 πισιοπορθεῐς
950 2239 1075 2299 eosdem
1091 2261 1171 2311 esse,

50 2346 91 2422 qui
110 2367 204 2426 supra
226 2343 405 2419 πιστολέται,
434 2340 532 2398 innuit
553 2335 606 2393 lib.
630 2330 659 2390 2.
689 2354 719 2391 v.
743 2334 814 2403 263.
860 2337 924 2397 Sed
952 2338 1171 2417 praecedentia

51 2449 136 2505 omnia
159 2457 192 2508 et
214 2447 405 2506 haeoverba
426 2439 559 2517 repetita
580 2444 709 2494 suntor
730 2436 785 2495 lib.
811 2436 838 2495 l.
861 2458 891 2495 v.
915 2438 984 2498 174.
1008 2459 1093 2517 sqq,
1116 2439 1169 2496 ubi

50 2544 126 2622 hujus
144 2569 256 2609 versus
276 2549 341 2605 loco
363 2541 442 2598 alius
464 2539 508 2596 sic
529 2538 659 2615 legitur:
741 2567 747 2580 ·

204 2631 481 2716 λειιτροιιλόποι
496 2630 533 2697 θ’
550 2628 828 2718 εὖρεσσιλόχοι,
852 2633 991 2719 δύςφημα
1006 2637 1127 2718 χέοντες,

49 2746 90 2804 ubi
116 2758 217 2805 tamen
246 2740 369 2799 Gallaei
397 2739 464 2798 cod.
494 2736 636 2815 ψευδέσσι
659 2733 751 2819 λόχοι.
797 2744 847 2803 De
873 2764 949 2802 vera
970 2744 1104 2803 lectione
1125 2743 1170 2801 nil

52 2845 111 2903 mihi
127 2843 238 2922 liquet.

48 2961 71 2996 v.
90 2940 158 3001 433.
196 2934 321 3021 πρηΰνει
342 2959 371 2998 τε
394 2941 414 3017 β
422 2938 671 3019 αροιιτνπέων
693 2934 869 3020 δοοπήματα
890 2943 1033 3021 βροντῶν.

48 3038 88 3098 Sic
102 3043 138 3100 ab
154 3041 320 3121 Opsopaeo
338 3041 462 3101 editum.
485 3042 588 3102 Antea
604 3052 670 3103 crat
685 3035 811 3120 πραΰνει
826 3062 856 3100 τε
870 3035 1069 3121 βαρυκτύπεα.
1093 3042 1168 3103 Sine

46 3139 122 3201 dubio
143 3143 282 3203 codicem
303 3163 390 3202 suum
405 3152 528 3202 secutus
545 3154 593 3204 est
609 3144 804 3224 Opsopaeus.
842 3144 945 3224 Atque
961 3164 1001 3203 ue
1017 3144 1055 3204 de
1071 3152 1168 3203 metro

47 3240 145 3319 licam,
168 3235 372 3322 βαροκτύπεος
390 3242 543 3304 Graecum
558 3254 691 3305 nonest.
725 3246 861 3305 Facilius
877 3247 951 3306 ferri
966 3254 1068 3325 potest
1084 3244 1168 3324 apud

45 3349 217 3407 recentiores
238 3334 446 3423 βαρντιτνπὴς,
469 3348 609 3425 quamvis
628 3348 660 3405 in
680 3347 808 3428 reliquis
823 3348 962 3407 omnibus
981 3348 1167 3428 compositis,

46 3456 181 3529 quotquot
201 3447 358 3518 novimus,
387 3466 544 3526 uunquam
568 3431 795 3520 terminatiob}
818 3432 907 3526 inq}
930 3450 1085 3510 declinata
1108 3457 1165 3511 est.

47 3544 86 3606 De
110 3550 273 3629 participio
306 3543 520 3626 βαρυκτοπὲων
550 3570 612 3608 non
643 3548 839 3626 cogitandum
872 3569 963 3619 esse,
996 3559 1167 3608 monstrant

47 3654 71 3702 et
83 3648 298 3727 praecedentia
319 3658 350 3708 et
370 3651 541 3730 sequentia.

45 3764 69 3802 v·
81 3748 146 3809 435.
164 3771 210 3829 sq.
240 3745 290 3808 καλ
310 3752 459 3828 στεροπῶν
480 3742 624 3830 μάστιγας
645 3742 831 3828 ἀπαμβλύνει
852 3747 1123 3823 πνροφεχχτῖς,

238 3841 358 3929 ὄμβρων
380 3839 412 3909 δ’
435 3843 545 3911 diomero
566 3848 710 3930 χεύματα,
733 3839 919 3928 ἡρακινῆς
941 3841 973 3903 dl
986 3836 1122 3921 χαλάζης.
1155 3891 1160 3898 .

46 3946 131 4011 Versu
145 3953 249 4031 priore
266 3951 398 4012 fortasse
413 3952 579 4030 legendum
595 3963 643 4016 est
663 3939 897 4030 πνριφεχχεῖ
901 3971 924 4019 ς.
951 3948 1052 4005 Versu
1069 3945 1167 4004 altero

48 4046 108 4109 (lod.
124 4054 202 4129 Reg.
221 4052 331 4111 habet:
357 4048 487 4131 ἐρικινῆς
508 4045 675 4132 ὁχαλοὶζης.
712 4056 802 4126 Fuit,
822 4053 855 4111 ni
872 4051 977 4121 fallor,
996 4045 1168 4123 εἰαρινῆς

49 4144 73 4206 λλ
89 4147 218 4229 χαλάζης.

49 4269 71 4305 v.
88 4250 155 4313 480.
195 4255 215 4331 β
222 4245 448 4325 οντελολταις
470 4274 499 4312 τε
518 4252 570 4313 καὶ
589 4249 759 4335 αλγονόμοις
781 4250 833 4312 καλ
851 4247 986 4327 ποιμέσιν
1006 4238 1116 4327 ἆρνῶν.

51 4348 90 4413 Sic
109 4355 181 4413 miro
211 4373 313 4413 errore
340 4376 396 4433 pro
417 4356 438 4433 β
445 4348 591 4414 ουπελοὶ
598 4377 679 4428 ταις
701 4357 803 4416 omnia
820 4354 1040 4433 Sibyllinorum
1063 4369 1166 4409 exem·

50 4453 132 4530 pluria
151 4445 307 4517 exhibent.

498 4554 707 4565 m
