2884 5184
429 468 626 516 ORACULA
648 470 793 518 vomo.

209 635 398 724 εύαχέοντας,
420 637 499 716 ὄντας
520 643 630 718 σοφίαν
651 639 967 724 καταναιετύιχτε,

208 740 298 826 ύλβον
316 736 358 823 μὴ
374 745 524 825 πατρίοισι
546 738 662 822 νόμοις,
681 748 777 816 θείοις
795 742 827 804 δὲ
848 742 988 823 σέβοντες.

43 853 155 911 Verum
187 852 221 909 in
252 850 349 926 ipsius
380 847 497 907 oraculi
530 847 635 906 ultimo
664 867 757 906 versu
788 839 879 925 ύλβον
906 850 960 906 vix
987 869 1093 909 sanum
1124 861 1181 924 eet,

43 953 223 1011 translatum
249 950 326 1010 illud
347 972 386 1010 ex
411 949 540 1009 Eusebii
561 950 748 1022 imitatione,
778 970 868 1029 quem
890 950 916 1007 si
937 961 1080 1011 accurate
1103 952 1181 1011 illud

43 1054 237 1131 expressisse
273 1052 439 1125 credimus,
476 1050 670 1110 scribendum
700 1052 800 1111 foret:
845 1041 1017 1111 Φαιστὸν
1049 1043 1091 1128 μὴ
1122 1062 1180 1111 etc.

42 1157 122 1214 Nem
148 1155 266 1213 incolas
288 1153 416 1211 Phaesti
442 1152 545 1210 divino
567 1152 682 1211 honore
703 1153 892 1214 conditorem
913 1154 996 1213 urbis
1014 1155 1180 1213 Phaestum

42 1257 149 1334 (Peus.
172 1256 310 1315 Corinth.
334 1276 360 1313 c.
381 1255 422 1323 6.
436 1253 483 1312 16.
507 1256 596 1312 Eust.
619 1253 658 1312 ad
678 1255 716 1312 Il.
734 1254 768 1327 2,
790 1254 876 1333 648.)
899 1263 1079 1333 prosecutos
1102 1276 1180 1326 esse,

42 1359 295 1418 verisimillimum
319 1364 374 1415 est.
398 1389 439 1398 —
463 1354 499 1427 6,
523 1353 552 1413 3.
576 1376 605 1432 p.
626 1353 697 1414 239.
719 1357 759 1415 Α.

209 1461 294 1517 κλῦτε
316 1452 533 1534 δαφνηρεφέιον
553 1448 652 1533 μυχοί
659 1480 708 1516 ων
726 1451 785 1516 dno
807 1456 950 1516 θέσκελον
968 1448 1080 1533 ὀμφήν.

43 1562 74 1620 si
95 1552 238 1637 μυχύων,
267 1561 333 1619 sive
355 1559 457 1636 potius
481 1554 626 1634 μυχέων
645 1560 797 1618 sincerum
819 1568 866 1618 est
889 1558 934 1636 (et
954 1559 1009 1616 vix
1029 1559 1103 1616 mihi
1126 1581 1179 1619 ex-

42 1662 178 1741 torqueri
201 1662 299 1720 sinom
321 1661 377 1718 hos
399 1679 542 1719 recessus
557 1660 769 1738 Apollineos),
793 1659 921 1720 accedet
936 1660 998 1718 alia
1014 1662 1180 1719 auctoritas

42 1762 188 1821 feminino
219 1754 297 1838 μυχὴ
327 1780 382 1837 pro
413 1749 519 1836 μυχὸς,
556 1759 638 1839 quod
668 1781 707 1820 ex
735 1762 893 1822 Herodoto
925 1762 1014 1819 affert
1047 1760 1178 1820 Suidas:

42 1860 131 1939 μυχοὶ
154 1853 238 1941 παρὰ
254 1853 405 1943 Ἡροδότῳ
426 1853 608 1936 καταδύσεις,
636 1853 672 1920 τὰ
694 1859 796 1930 ένδον,
822 1862 906 1941 quod
930 1862 1057 1921 totidem
1078 1863 1180 1922 verbis

43 1965 208 2042 exscripsit
228 1963 433 2022 Phevorinus.
479 1961 542 2020 Sed
563 1963 758 2042 Hesychius:
783 1961 871 2041 μυχοὶ
893 1956 1129 2040 discrederem,
1153 1964 1185 2023 οἱ

44 2056 194 2124 ένδύτατοι
224 2061 276 2121 καὶ
305 2053 493 2140 κατοίκρυφοι
523 2056 622 2140 τόποι,
648 2065 732 2144 quod
758 2064 840 2124 idem
867 2066 1059 2125 Phavorinus
1083 2067 1178 2125 farra-

42 2167 103 2242 gini
127 2185 204 2224 suae
226 2165 366 2223 intexuit.
411 2163 515 2222 Editio
537 2185 611 2223 vero
635 2166 828 2224 oraculorum
846 2173 985 2223 veterum
1003 2166 1042 2224 ud
1063 2166 1180 2225 calcem

43 2266 266 2344 Sibyllinorum
294 2265 387 2324 hebet
416 2256 571 2340 χνμοίτων,
601 2266 705 2323 nescio
729 2263 823 2324 unde.
848 2263 899 2341 (cf.
921 2263 1078 2343 Supplem.
1101 2268 1179 2325 Lex.

43 2366 191 2426 Schneid.
214 2388 238 2425 s.
259 2388 289 2424 v.
314 2365 403 2424 etad
424 2364 534 2424 Oraec.
558 2365 670 2443 Sibyll.
695 2364 727 2439 1,
748 2363 819 2422 222.
843 2362 923 2443 sqq.)

45 2470 168 2525 oracula
198 2470 348 2525 Chaldaioo
376 2469 470 2528 Pselli.
515 2465 658 2540 Oraculi,
687 2466 769 2545 quod
789 2467 903 2545 legitur
925 2486 955 2544 p.
979 2464 1046 2539 92,
1072 2486 1181 2525 versus

43 2567 198 2628 secundus
219 2578 249 2626 et
271 2569 379 2627 tertius
401 2568 444 2626 sie
465 2566 619 2626 scribendi
637 2560 796 2628 videutur:

211 2657 247 2727 ού
269 2659 327 2748 γὰρ
347 2658 489 2744 ύλιχθείιχς
512 2664 607 2743 φυτόν
626 2665 726 2745 [ἔστιν]
749 2666 793 2728 ἐνὶ
811 2665 899 2746 χθονὶ
919 2668 992 2750 [δίᾳ]

213 2770 287 2846 μηδὲ
306 2766 401 2848 μέτρει
420 2766 510 2847 μέτρα
529 2761 657 2845 ἠελίου
664 2812 674 2845 ,
698 2762 827 2841 κανόνας
849 2769 1061 2847 συναθροίσας,
1156 2781 1159 2786 ’

46 2865 95 2924 ubi
128 2865 206 2927 ἐστὶν
226 2879 257 2928 et
279 2869 328 2951 δίᾳ
347 2890 456 2929 versus
480 2871 627 2948 explendi
648 2891 742 2929 causa
760 2871 929 2948 adjecimus
953 2878 984 2927 et
1004 2858 1105 2945 ἠελίου
1125 2890 1181 2946 pro

46 2956 133 3041 ἡλίου
154 2969 337 3045 scripsimus.
356 3003 399 3013 —
420 2969 498 3029 Ibid.
523 2991 553 3047 p.
581 2968 649 3029 106.

213 3060 258 3127 sisi
279 3062 380 3142 τούςδε
399 3060 483 3148 χθών
505 3064 738 3149 κατωρύεται
757 3068 785 3141 ές
803 3066 892 3128 τέκνα
910 3065 1017 3145 μέχρις.

47 3168 141 3245 Quod
164 3169 190 3225 si
211 3169 420 3229 hexametrum
443 3191 511 3229 esse
534 3170 635 3244 dicas,
664 3193 724 3231 nae
743 3172 798 3231 ille
821 3192 895 3230 sane
919 3169 1082 3229 claudicat.
1119 3169 1183 3228 Sed

46 3270 158 3330 Pletho
182 3268 313 3328 eundem
331 3290 452 3330 versum
473 3293 503 3349 p.
527 3271 577 3331 78.
599 3275 644 3332 sic
660 3273 782 3333 laudat:

215 3359 322 3438 αὐτοὺς
344 3365 376 3426 δέ
396 3362 480 3445 χθὼν
497 3366 747 3455 κατοδύρεται
769 3371 797 3445 ές
818 3370 908 3433 τέκνα
926 3369 1033 3450 μέχρις.

45 3473 130 3531 unde
153 3471 239 3529 facili
260 3470 384 3547 negotio
411 3471 537 3529 conflari
555 3484 656 3551 potest
676 3477 727 3535 hic
750 3477 824 3535 satis
845 3475 1000 3551 legitimus
1021 3493 1181 3531 numerus:

215 3559 261 3629 σἰελ
279 3563 382 3641 τούςδε
399 3560 484 3647 χθὼν
503 3566 756 3649 κατοδύρεται
777 3571 806 3645 ές
827 3572 916 3631 τέκνα
936 3569 1045 3649 μέχρις.

44 3676 164 3734 Verum
190 3681 349 3751 utromque
376 3672 540 3731 lectionem
558 3669 681 3730 Psellus
698 3676 765 3748 jam
785 3693 861 3750 pree
885 3672 982 3729 oculis
1004 3670 1111 3729 habuit
1129 3692 1183 3729 ex·

45 3776 231 3853 plicuitque,
260 3772 388 3832 alteram
414 3774 458 3831 ita
484 3792 514 3849 p.
534 3768 601 3829 82:
632 3760 700 3841 τούς
727 3767 758 3828 δὲ
784 3760 826 3846 μὴ
854 3760 927 3847 πρὸς
954 3763 987 3828 τὸ
1010 3757 1082 3828 αύτδ
1110 3773 1183 3844 φῶς,

44 3868 117 3939 ὅθεν
141 3866 243 3943 αύτοῑς
263 3869 402 3949 έκέμφθη
423 3860 561 3950 ἡψυχὴ,
586 3865 767 3941 σπεύδοντας
789 3858 894 3944 αὖθις,
920 3859 1060 3946 ἡχθῶν,
1079 3861 1144 3943 ἤτοι
1165 3861 1185 3952 ἡ

45 3966 146 4053 θνητὴ
169 3970 273 4049 φύσις,
297 3967 564 4051 κατοδύρεται,
585 3962 632 4032 ὅτι
655 3992 681 4032 κ.
697 3993 721 4030 τ.
739 3974 783 4044 λ.,
806 3971 935 4030 alteram
946 3991 1021 4029 vero
1042 3988 1072 4045 p.
1097 3967 1183 4028 166.Ξ

46 4068 77 4134 τὸ
110 4068 214 4153 λόγιον
246 4064 371 4149 αὐτούς,
401 4070 490 4150 φησὶ,
526 4064 779 4150 κατωρύεται,
810 4067 975 4144 τουτέστιν,
1007 4064 1185 4143 έπιμνκοῖται

46 4166 149 4246 αὐτοῖς
170 4168 186 4234 ὁ
208 4163 267 4234 ὑπὸ
289 4175 346 4251 γῆν
366 4165 470 4247 τύπος,
491 4170 549 4231 καὶ·
562 4165 626 4230 οἷον
649 4170 805 4243 λεοντῶδες
827 4166 929 4246 έιτηχεῖ
943 4161 1075 4248 ύρνχμιι.

49 4280 200 4336 oraculum
222 4279 358 4350 Apollines
378 4278 413 4332 ιίο
434 4277 541 4332 Ρίοίιιιο
562 4294 591 4350 p.
616 4271 645 4329 9.

215 4364 285 4433 ἄλλ’
306 4364 357 4453 ύρ’
378 4364 437 4433 dud
457 4364 615 4452 βλεφάρων
632 4363 759 4442 πετάσας
781 4370 888 4447 κηλῖδα
912 4371 1036 4449 βαρεῖαν

216 4466 338 4556 ἀχλύος,
360 4467 398 4536 ἓν
421 4474 438 4536 δ
444 4473 548 4560 ίνχσι
567 4467 748 4552 φορεύμενος
769 4468 889 4554 έδρακες
908 4463 1006 4541 ὄσσοις
