2884 5184
318 464 430 511 Aenn
454 465 734 515 nncnnnnlnn
757 469 896 519 enm.
1134 463 1175 525 85

37 640 196 698 insererem
204 637 252 715 ²⁸).
290 637 379 697 Idem
402 646 485 697 certe
502 647 549 697 est
564 660 672 700 sensns
687 643 862 722 utriusque,
886 645 1016 706 simodo
1034 643 1129 718 κισσίς
1142 649 1176 708 in

37 736 82 797 xe'v
101 760 143 809 τις
163 748 283 798 mutes.
319 738 384 796 Imo
407 737 554 798 audacter
576 741 661 799 illine
683 742 869 819 ejiciendum
888 753 919 804 et
940 746 1000 805 hue
1021 745 1174 826 reeipien⁴

37 840 98 898 dnm
119 841 301 919 pronuncio
323 858 364 898 ex
384 838 566 899 auctoritate
587 842 743 901 Laetantii
765 843 818 901 lib.
839 845 869 902 7.
893 864 961 924 cap.
988 844 1056 905 18.“
1098 847 1172 908 Jam

36 943 119 1000 allate
141 940 310 1000 Laetantii
337 940 406 999 loeo
433 960 558 1018 proteus
583 942 642 1014 ita,
669 951 704 1001 ut
731 944 763 1002 in
793 943 929 1020 vulgatis
956 946 1084 1025 legitur,
1112 951 1172 1009 nisi

38 1041 124 1121 qued,
145 1051 180 1101 ut
200 1044 273 1119 jam
299 1040 447 1113 diximus,
470 1030 525 1098 ὑπ’
545 1031 687 1116 α’φθίιοις
708 1044 797 1116 citat,
819 1044 863 1102 ita
881 1048 1000 1124 pergite
1023 1048 1170 1121 „videsne

36 1143 155 1201 alterum
186 1164 229 1202 ex
253 1143 463 1202 Laetantiana
488 1143 651 1203 collatione
676 1144 803 1203 natum?
830 1165 902 1204 nam
928 1168 969 1206 ne
995 1157 1026 1208 te
1049 1158 1172 1209 moveat

37 1234 77 1300 ἐπ’
97 1241 197 1319 ἰδίαν,
224 1246 260 1303 in
290 1253 353 1304 vet,
376 1244 531 1303 Laetantii
558 1244 735 1303 membrana
757 1246 899 1306 scribitur
918 1243 965 1306 ἐπί
986 1249 1110 1325 τοῦτον,
1133 1254 1173 1308 ad

35 1348 116 1400 ιἰλιιιιι.
159 1345 289 1405 Eadem
311 1366 403 1425 porro
430 1365 486 1424 pro
513 1347 657 1423 κρινεῑιαι
683 1345 779 1405 habet
803 1344 898 1423 κρίσις
919 1344 1031 1407 ἕσιαι.“
1073 1350 1171 1411 Vides

37 1444 131 1522 itaque
153 1445 300 1507 codicem
315 1446 447 1506 Puteani
468 1444 528 1503 duo
550 1446 610 1504 ista
631 1447 708 1504 vitia
729 1448 870 1519 metrica,
895 1468 975 1528 quae
991 1470 1085 1529 supra
1097 1451 1171 1511 teti-·

36 1544 138 1618 gimuS,
166 1565 300 1622 sanare3
332 1546 421 1605 simul
445 1566 568 1626 qnoque
596 1546 833 1619 barbarismum,
861 1569 921 1628 quo
950 1553 1094 1629 κρινεῖιαι
1112 1572 1170 1630 pro

39 1635 202 1721 κριθήσεται
225 1648 363 1726 positum
381 1655 441 1718 eet,
461 1647 630 1725 expellere.
665 1649 703 1706 In
720 1647 826 1707 codiee
841 1650 1084 1728 Regiomontano
1098 1672 1167 1732 per·
1237 1647 1240 1653 ’

38 1765 118 1823 qnam
145 1749 258 1806 mutila
286 1757 358 1807 eunt
375 1748 454 1806 haee
475 1748 585 1821 verba,
615 1747 671 1807 sed
690 1768 761 1806 rara
782 1749 932 1824 felicitate
952 1762 1075 1813 servata
1097 1762 1166 1813 eunt
1184 1775 1207 1816 ει

41 1865 72 1901 ea
91 1848 155 1926 ipsa
177 1850 296 1923 verba,
319 1848 491 1931 dequibus
514 1850 625 1927 agitur.
1173 1846 1178 1855 ’

284 1950 452 2022 ιιξοὶίιαίιιιι
764 1953 960 2033 kapnneoen

287 2052 411 2122 lionae}
767 2054 950 2112 nenTiedeo

285 2152 441 2210 esstonton
764 2153 937 2210 Hantaeoei

42 2328 58 2385 h
280 2251 452 2330 kpeieeetai
513 2264 518 2275 ⁸
762 2252 952 2330 anpnssoein

61 2373 66 2384 .
87 2351 112 2389 e.

194 2419 260 2494 ηξει
282 2439 334 2477 ιιαι
354 2438 499 2495 μακαρων
519 2421 595 2475 edem
618 2420 694 2477 ποία
714 2418 744 2489 εξ
763 2459 951 2478 ........

127 2500 130 2505 ⁴
196 2562 306 2578 .....
324 2538 375 2577 νεν
393 2539 436 2589 τις
458 2522 512 2576 θεο
529 2559 687 2578 .......
704 2536 740 2574 επ
761 2538 866 2599 ιουπον

196 2639 312 2689 πανιας
333 2638 375 2677 οει
395 2661 585 2681 .......
591 2636 616 2675 ’.
641 2663 648 2677 .
673 2665 680 2678 .
704 2663 711 2675 .

197 2764 292 2779 ....
316 2735 402 2799 αρσισ
423 2735 502 2780 εσιαι
524 2766 532 2780 .
556 2764 563 2777 .
587 2763 595 2777 .
617 2768 623 2779 .
649 2736 828 2800 ανρωποσιν.

44 2815 274 2882 destinationem
302 2820 419 2880 librarii
443 2831 574 2900 arguunt
595 2843 718 2901 quoque
741 2822 814 2880 illae
835 2821 960 2894 literae,
991 2841 1070 2900 quae
1092 2841 1162 2900 pae-

45 2918 91 2976 sim
115 2941 152 2979 ex
171 2923 283 2982 mediis
301 2921 429 2980 vocibus
452 2925 649 2995 exciderunt,
676 2922 858 3000 praesertim
876 2923 896 2978 i.
941 2922 1057 2980 Verum
1077 2928 1164 2998 patet

46 3017 189 3082 Lactantio
210 3023 434 3084 restituendum
456 3044 524 3083 esse
551 3019 599 3082 ἐπί
620 3023 724 3080 τοῦτον
743 3042 798 3101 pre
821 3013 868 3078 ἐπ’
890 3018 989 3097 idione,
1019 3029 1050 3079 et
1071 3023 1166 3098 κρίσις
1218 3057 1220 3061 -

47 3113 113 3178 ἔσται
128 3145 182 3202 pro
203 3127 357 3203 κρινεῖιαι.
394 3123 538 3184 Ceterum
560 3124 599 3183 ef.
620 3143 742 3204 queque
767 3121 807 3180 ad
821 3123 964 3181 Laetant.
988 3125 1023 3194 4,
1046 3119 1081 3194 6,
1104 3119 1134 3177 5.

491 3291 587 3352 nne.
619 3290 650 3367 §-
675 3292 704 3349 7.

119 3413 204 3480 „Item
226 3415 283 3470 αίία
305 3414 408 3486 Sibylla
428 3412 498 3481 (sib.
520 3409 607 3468 deest
627 3410 659 3468 in
681 3431 708 3468 e.
730 3409 782 3489 R.)

196 3509 248 3571 καί
269 3500 330 3571 τότ’
355 3499 410 3569 ἄπ’
430 3498 529 3587 ἠελίου
550 3507 674 3585 πέμψειε
694 3499 767 3580 θεὸς
786 3511 931 3587 βασιλῆα,

196 3603 229 3684 ὃς
250 3613 351 3670 πᾶσαν
367 3615 458 3690 γαῖαν
476 3608 583 3669 παύσει
599 3606 738 3684 πολέμοιο
759 3613 895 3678 ιιαιιοῐοίι,

48 3703 91 3763 nbi
110 3709 157 3770 καὶ
178 3716 319 3775 omittunt
340 3713 385 3786 Α,
410 3711 444 3771 O.
472 3703 533 3770 τότ’
556 3705 585 3781 ἐξ
607 3709 650 3780 Α,
676 3708 710 3766 0.
739 3698 847 3784 ἠελίοιο
871 3707 905 3766 0.
928 3705 1039 3784 πέμψει
1057 3707 1101 3778 Α,
1127 3705 1161 3763 0.

50 3802 153 3872 παύσειε
168 3817 213 3890 Α,
235 3815 269 3875 O.
309 3813 420 3892 Sibyll.
444 3811 473 3871 3.
495 3832 525 3870 v.
545 3807 617 3869 652.

197 3913 248 3975 καὶ
270 3902 331 3974 τότ’
356 3903 411 3972 ἄπ’
435 3903 544 3991 ἠελίοιο
563 3900 633 3983 θεὸς
653 3907 763 3986 πέμψει
786 3909 930 3985 βασιλῆα,

195 4005 227 4087 ὃς
247 4018 348 4075 πᾶσαν
369 4018 459 4093 γαῖαν
480 4006 587 4073 παύσει
608 4007 747 4088 πολέμοιο
770 4011 883 4067 ιιαιιοῖο.

53 4144 228 4171 N-

109 4228 132 4293 *)
149 4234 192 4284 Ita
206 4238 366 4301 Opeopaeus
385 4235 503 4285 seribere
520 4232 625 4297 potnit,
650 4231 694 4280 eni
711 4245 806 4280 versus
823 4230 876 4279 iste
894 4217 980 4276 καίιιεῖ
993 4241 1034 4282 τις
1052 4214 1162 4273 θεόθεν

53 4318 74 4352 ¹·
89 4324 110 4360 t·
125 4314 146 4367 ί.
163 4323 259 4371 tertius
279 4339 295 4372 a
311 4322 364 4372 fine
383 4322 501 4387 paginae
517 4321 569 4367 eet.
601 4317 655 4367 Sed
673 4332 706 4366 ea
724 4318 807 4367 etiam
824 4316 869 4364 hie
887 4314 985 4378 supina
1002 4318 1044 4363 est
1056 4308 1169 4364 Gallaeiv

53 4395 192 4469 oscitantia,
213 4413 244 4457 nt
265 4408 334 4458 haee
356 4408 440 4457 verba
462 4407 490 4455 in
514 4419 591 4453 suam
610 4403 757 4454 editionem
775 4400 961 4463 transttderit,
984 4417 1039 4451 non
1057 4400 1161 4451 monito

53 4472 150 4551 lectore,
167 4509 218 4558 qno
236 4498 370 4560 spectent.
