2884 5184
519 469 725 518 Danrcnrlc.
1161 472 1198 519 lx

63 641 301 727 discrepantias
320 639 484 721 indicare,
516 650 553 705 61
573 649 760 725 accentum,
786 639 1033 727 apostrophum,
1057 646 1078 706 ῦ
1099 641 1199 725 ἐφελ-

62 755 224 826 ancarana
248 756 302 824 vel
332 759 488 822 omissum
516 758 570 824 vel
594 757 759 841 additum3
790 760 876 823 unde
902 758 1045 844 patebit,
1068 764 1198 849 saepius

61 877 252 944 Bekkerum
273 878 309 941 in
330 876 429 942 rebus
451 878 586 943 minutis
608 879 754 965 priorum
776 877 936 942 editorum
951 885 1078 942 textum
1099 881 1198 946 tacite

62 997 261 1077 correxisse,
283 1017 384 1082 quum
400 995 602 1083 praesidium
623 994 732 1081 hujus*
743 996 954 1061 correctionis
970 1018 1012 1059 ex
1026 997 1098 1061 cod.
1115 997 1197 1083 Reg.

62 1124 170 1203 petere
192 1115 363 1202 potuisset.
405 1115 576 1180 Lemmata
597 1136 727 1201 quoque
751 1115 910 1200 marginis
933 1114 1047 1181 addidi
1069 1117 1198 1181 611116-

63 1233 168 1298 lorum
190 1234 362 1299 rationem.
405 1232 593 1298 Notandum
622 1241 688 1316 est,
718 1232 786 1299 iota
815 1231 1036 1319 subscriptum
1070 1234 1104 1299 in
1137 1234 1198 1299 hoc

59 1354 173 1418 codice
197 1375 264 1418 non
294 1375 467 1440 apparere,
500 1353 605 1441 quod,
639 1375 660 1416 a
687 1351 843 1417 Bekkero
871 1373 1001 1437 quoque
1030 1353 1197 1435 omissum,

59 1473 305 1559 perspicuitatis
328 1493 428 1536 causa
450 1471 576 1537 addidi.
614 1470 736 1555 Adjeci
756 1470 809 1534 his
823 1469 997 1534 lectionem
1017 1472 1199 1534 variantem

60 1590 154 1655 Sexti
175 1588 421 1675 Disputationis
454 1590 700 1675 Antiscepticae
728 1585 805 1668 περὶ
832 1581 968 1669 ἀγαθοῦ
997 1583 1053 1650 καὶ
1079 1589 1198 1670 κακοῦ,

58 1693 225 1774 enotatam
247 1729 268 1771 a
288 1708 411 1775 Patruo
432 1731 477 1774 ex
499 1709 614 1773 eodem
635 1707 691 1771 illo
711 1705 793 1770 Cod.
815 1704 909 1790 Reg,
929 1706 984 1769 cui
1000 1707 1036 1771 in
1054 1705 1120 1771 fine
1142 1707 1197 1771 ad·

57 1827 163 1892 ditum
186 1834 236 1890 est
258 1825 320 1891 hoc
340 1827 543 1914 opusculum.
586 1826 697 1890 Etiam
715 1826 800 1890 hanc
827 1824 978 1889 lectionis
1004 1820 1197 1892 varietatem

56 1944 182 2034 publici
197 1944 284 2030 juris
307 1943 417 2010 facere
430 1946 588 2029 ,voluerat
602 1945 744 2009 Patruus
764 1945 799 2008 in
819 1943 1081 2027 Additamentis3
1100 1967 1197 2031 quam

58 2063 102 2128 ob
123 2084 258 2128 causam
278 2071 430 2128 accurate
449 2086 524 2130 eam
544 2072 751 2146 excusserat,
773 2063 930 2128 indicatis
951 2063 1010 2144 iis,
1034 2085 1118 2150 quae
1139 2064 1197 2129 ali-

56 2192 109 2247 ter
131 2181 330 2247 exhibentur
347 2183 383 2245 in
404 2181 548 2247 editione
562 2182 724 2267 Diogenis
742 2182 869 2246 Laertii
888 2179 1003 2245 Calon.
1025 2179 1196 2268 Allobrog.

60 2305 154 2366 1616.
191 2303 239 2383 8.,
272 2298 330 2364 ubi
357 2299 420 2364 boc
450 2300 644 2387 opusculum
665 2301 787 2387 legitur
809 2298 886 2362 inde
909 2320 929 2361 a
953 2321 1029 2385 pag.
1050 2301 1124 2363 863.
1132 2347 1141 2381 ‚
1162 2301 1198 2364 in

55 2420 149 2486 Galii
170 2418 312 2506 Opuscc.
334 2415 473 2502 Mythol.
496 2441 528 2504 p.
554 2422 626 2484 701.
652 2426 784 2506 66661
811 2416 846 2480 16
866 2411 997 2480 Fabric.
1024 2415 1113 2482 Bibl.
1137 2417 1195 2485 Gr.

55 2537 96 2602 Τ.
119 2535 200 2602 ΧΠ.
225 2560 258 2624 p.
288 2539 360 2599 617.
384 2558 455 2622 sqq.
495 2535 676 2604 Brevitatis
699 2558 800 2602 causa
821 2535 883 2601 hae
907 2535 1068 2601 editiones
1096 2538 1197 2624 insig-

55 2659 146 2722 nitae
169 2664 246 2722 sunt
268 2654 373 2718 literis
394 2654 432 2719 O.
456 2654 575 2739 (1.6,
599 2657 718 2744 quibus
742 2655 870 2722 accedit
892 2654 949 2737 R,
970 2654 1076 2720 codex
1098 2656 1196 2743 Regi-

54 2783 242 2840 montanus.
281 2773 469 2838 Praemissa
496 2784 606 2840 autem
632 2785 683 2840 est
707 2777 744 2840 in
768 2774 830 2839 hoc
852 2773 979 2854 codice,
1001 2782 1039 2838 ut
1066 2774 1135 2838 fere
1161 2776 1198 2838 in

57 2892 143 2957 libro
155 2891 289 2957 Gizensi
311 2892 400 2979 apud
414 2892 621 2975 Fabricium,
640 2893 721 2957 haec
739 2902 832 2957 nota:
855 2893 1001 2972 δωρικῆς
1022 2889 1199 2954 διαλέκτου

54 3010 222 3079 ἐντεῦθεν
244 3008 307 3087 ἕως
325 3013 388 3075 τοῦ
407 3009 530 3088 τέλους.
566 3016 706 3093 ζητεῖται
729 3007 784 3093 db,
807 3010 839 3073 εἰ
856 3001 964 3072 661τὸ·
984 3003 1093 3091 παρὸν
1113 3005 1199 3091 σύγ-

56 3151 195 3214 γραμμα
209 3125 370 3205 Σέξτειότ
393 3128 495 3195 ἐστιν.
537 3130 643 3194 Deest
663 3128 845 3217 inscriptio,
868 3149 966 3215 quam
987 3128 1022 3192 in
1043 3127 1199 3194 611106-

52 3246 123 3314 lon.
147 3256 180 3314 et
196 3247 270 3313 Gal.
289 3247 441 3335 legimus.
535 3246 538 3253 ⁴
702 3224 705 3227 Δ

143 3365 313 3453 Opuscula
343 3366 424 3434 baec
453 3369 568 3434 critica
594 3367 797 3456 perlustrans
828 3370 966 3433 miretur
998 3368 1110 3434 forsan
1140 3368 1198 3433 ali-

50 3487 149 3573 quis,
171 3507 277 3572 pauca
294 3493 423 3549 tantum
445 3487 485 3551 de
499 3487 629 3553 Latinis
643 3490 750 3576 poetis
769 3489 897 3572 inesse,
919 3489 954 3551 in
975 3487 1096 3573 quibus
1118 3485 1198 3551 mul-

50 3613 127 3668 tum
147 3612 315 3669 versatum
343 3627 415 3670 esse
444 3605 746 3672 Patruumnotum
774 3607 826 3670 sit.
886 3606 967 3689 Sed,
1001 3626 1199 3691 quamquam

52 3722 137 3786 olim
157 3730 191 3786 et
211 3723 247 3785 in
268 3721 431 3788 Juvenale
451 3723 589 3787 multum
607 3744 726 3808 operae
748 3722 936 3804 collocavit,
956 3731 989 3786 et
1014 3722 1055 3785 de
1072 3719 1199 3785 edendo

51 3838 229 3926 Propertio
242 3841 416 3927 cogitavit,
433 3842 469 3906 id
489 3841 577 3928 quod
600 3840 824 3905 demonstrant
839 3847 872 3902 et
892 3840 1023 3903 initium
1044 3839 1200 3904 editionis

50 3965 88 4022 61
111 3956 245 4023 66116116
269 3958 392 4024 codicis
407 3958 701 4042 Helmstadiensis,
725 3979 810 4045 quae
829 3959 864 4022 in
883 3956 1014 4022 schedis
1028 3979 1200 4022 asservan-

48 4084 128 4157 tur,
151 4085 278 4160 tamen,
309 4100 410 4164 quum
437 4078 790 4166 posteriore’tempore
818 4074 915 4163 plane
944 4075 1101 4140 derelicta
1119 4075 1201 4139 haec

48 4194 96 4259 ab
119 4217 160 4260 66
182 4194 288 4261 fuisse
310 4198 424 4278 sciam,
446 4203 560 4261 notata
580 4193 653 4280 ejus
676 4216 719 4258 ex
738 4195 867 4260 schedis
887 4195 1077 4281 depromere
1097 4191 1199 4258 nolui.

142 4312 185 4378 In
212 4312 317 4378 altera
341 4324 449 4402 parte,
475 4336 541 4401 qua
563 4315 686 4400 scripta
708 4315 870 4399 quaedam
892 4313 1007 4378 Patrui
1029 4312 1073 4376 ad
1093 4334 1200 4398 gram-

46 4433 212 4497 maticam
234 4441 268 4496 et
300 4433 580 4519 lexicographiam
610 4433 794 4519 spectantia
825 4431 1008 4519 composui,
1036 4453 1124 4497 nova
1150 4441 1201 4496 est

45 4549 239 4636 disputatio
259 4551 332 4636 ejus
356 4551 397 4615 de
419 4550 592 4637 adjectivis
614 4548 824 4636 verbalibus,
857 4573 955 4641 quam
983 4551 1202 4619 communica·
