2884 5184
354 471 438 518 VITA
461 470 539 519 CAR.
562 470 691 519 LUDOV.
716 471 860 520 STRUVE.
1089 473 1178 520 XXXI

30 639 77 703 ad
96 638 226 723 majora
246 639 435 705 tendentem
461 639 654 726 simplicitas
677 650 710 705 et
734 640 895 725 jejunitas
917 642 1062 705 muneris
1085 642 1176 706 scho

29 739 156 802 lastici.
202 739 334 825 Optime
355 761 549 825 persuasum
571 743 603 804 ei
624 749 710 824 erat,
723 763 844 825 magna
866 763 901 805 se
923 762 996 805 esse
1016 742 1050 805 in
1072 739 1176 805 literis

30 846 306 919 consecuturum,
330 839 359 901 si
381 837 456 923 plus
485 838 545 902 otii
572 837 636 903 sihi
661 847 764 919 esset,
792 841 901 904 minus
929 840 1118 905 offensionis
1142 849 1176 903 et

30 936 231 1000 officiorum.
277 936 416 1022 Saepius
444 938 485 1001 de
512 936 574 1001 hae
604 959 641 1002 re
669 937 713 1000 ad
740 937 876 1001 fratrem
906 939 1053 1023 scripsit,
1081 947 1118 1001 ut
1144 961 1174 1001 a.

33 1038 143 1117 1819,
161 1044 334 1121 postquam
356 1038 521 1118 narravit,
552 1044 755 1122 quantopere
784 1038 872 1100 omni
899 1058 943 1100 ex
967 1045 1060 1122 parte
1089 1046 1175 1100 sorte

31 1156 95 1199 sua
119 1143 295 1200 contentus
316 1157 388 1200 esse
411 1144 540 1221 posset,
567 1136 648 1200 haec
676 1136 784 1200 addit:
812 1136 1055 1219 „Nihilominus
1079 1138 1107 1199 si
1128 1145 1176 1199 to·

30 1243 102 1296 tam
125 1256 196 1297 rem
216 1242 369 1301 accurate
390 1236 573 1321 perpendo,
594 1243 752 1300 statutum
773 1257 812 1299 ac
834 1235 1050 1301 deliberatum
1072 1235 1177 1300 haheo

32 1355 111 1396 enm
130 1335 241 1397 animo
248 1382 258 1414 ,
278 1342 315 1396 ut
334 1344 368 1396 et
396 1333 579 1397 studiorum
605 1355 752 1397 meorum
782 1342 815 1397 et
837 1335 983 1421 ipsarum
1007 1335 1176 1400 literarum

30 1433 145 1517 gratia
168 1432 211 1496 ad
239 1433 344 1503 vitam
372 1431 592 1499 academicam
622 1441 798 1497 transeam.
843 1434 976 1499 Etenim
997 1436 1082 1500 bene
1103 1458 1175 1498 sen-

29 1533 97 1613 tio,
118 1529 247 1616 aliquid
272 1551 324 1593 me
353 1531 388 1595 in
414 1527 519 1593 literis
551 1531 707 1616 consequi
736 1535 873 1617 posse;“
900 1520 938 1597 et*
959 1534 1056 1620 paulo
1085 1543 1176 1620 post:

30 1630 135 1712 „Non
156 1650 291 1715 possum
311 1629 393 1694 satis
413 1629 525 1694 verbis
548 1629 627 1697 Tibi
645 1632 847 1716 exprimere,
874 1643 1074 1720 quantopere
1095 1643 1174 1697 tem-

31 1752 96 1816 pus
113 1736 284 1814 exoptem,
307 1726 365 1791 ubi
385 1726 460 1814 plus
483 1730 542 1792 otii
564 1728 646 1793 mihi
665 1729 813 1795 futurum
835 1733 912 1796 sit.“
939 1733 1011 1798 Diu
1032 1735 1176 1796 animum

30 1837 199 1894 attentum
219 1827 326 1890 tenuit
347 1825 391 1889 ad
412 1827 672 1892 Universitatem
691 1828 948 1915 Dorpatensem,
972 1832 1046 1914 ubi,
1075 1853 1176 1918 quum

30 1928 89 1993 illo
114 1936 263 2013 tempore
285 1934 319 1990 et
346 1927 419 2013 ipsa
445 1926 615 1991 academia
643 1935 675 1991 et
699 1949 751 1991 res
780 1926 995 1993 scholasticae
1019 1930 1175 1995 reforma-

31 2037 168 2108 rentur,
200 2049 276 2113 spes
304 2028 336 2090 ei
363 2036 434 2090 erat
459 2026 547 2109 fore,
575 2036 612 2090 ut
636 2049 756 2095 munus
783 2028 980 2115 professoris
1007 2029 1188 2095 literarum

30 2128 248 2212 antiquarum
270 2127 530 2207 nancisceretur,
553 2125 715 2213 simulque
738 2129 774 2191 in
797 2150 969 2192 numerum
992 2150 1103 2192 eorum
1127 2130 1175 2194 vi·

31 2248 149 2292 rorum
171 2225 352 2311 legeretur,
382 2225 502 2310 quibus
527 2232 597 2288 tum
624 2248 752 2290 summa
780 2229 828 2291 rei
857 2227 1071 2292 scholasticae
1098 2250 1178 2292 cura

31 2325 162 2390 tradita
183 2333 263 2388 erat.
306 2325 405 2388 Anne
429 2325 510 2386 1823
533 2323 618 2388 hanc
645 2346 737 2410 spem
762 2327 893 2389 omnino
914 2325 1053 2410 abjecit,
1076 2347 1178 2411 quum

31 2425 118 2488 alias
139 2424 183 2489 ob
207 2446 339 2506 causas,
361 2433 431 2497 tum
455 2423 542 2508 qnod
564 2425 659 2488 varia
682 2425 757 2509 ejus
780 2423 891 2489 studia
912 2423 1059 2489 literaria
1078 2424 1176 2490 valde

31 2523 247 2611 expostulare
269 2523 483 2605 videbantur,
506 2531 543 2585 ut
570 2523 705 2609 propius
728 2522 860 2587 abesset
884 2546 903 2587 a
923 2547 1048 2589 summo
1069 2523 1177 2588 litera-

30 2647 108 2688 rum
132 2623 406 2688 Germanicarum
426 2623 628 2686 commercio.
657 2623 698 2685 A.
725 2624 817 2685 1830.
849 2645 869 2686 a
896 2625 1091 2708 magistratu
1111 2622 1176 2686 Ln-

30 2723 202 2788 beekiano
225 2722 370 2788 oblatum
392 2723 423 2786 ei
453 2731 504 2785 est
531 2744 651 2786 munus
680 2720 851 2786 directoris
876 2723 1042 2809 gymnasii
1069 2722 1177 2786 urbici

30 2833 64 2887 et
82 2824 160 2908 jam
182 2824 216 2886 in
239 2844 276 2885 eo
299 2831 383 2905 erat,
396 2830 432 2884 ut
454 2820 696 2885 conditionibus
720 2820 807 2882 datis
828 2822 1053 2903 assentiretur,
1077 2842 1176 2906 quum

31 2925 250 3008 magistratus
273 2922 551 3007 Regimontanus,
583 2941 680 3004 aegre
701 2919 829 3001 ferens,
857 2919 956 2983 talem
984 2927 1176 3003 tantumque

31 3026 145 3088 virum
170 3021 299 3085 scholae
320 3022 504 3085 detractum
525 3020 587 3100 iri,
612 3019 781 3103 proposuit
810 3026 846 3080 ut
876 3018 1008 3082 Struvio
1036 3015 1176 3101 amplius

31 3121 252 3210 stipendium,
275 3122 370 3206 cujus
393 3142 469 3207 pars
491 3116 612 3184 viduae
633 3118 729 3180 uxori
751 3123 908 3198 maneret,
933 3115 1173 3177 decerneretur.

30 3223 181 3286 Patruus
214 3220 369 3307 precibus
404 3241 516 3283 eorum
547 3217 663 3300 cessit,
698 3238 758 3280 nec
785 3224 895 3278 tamen
923 3213 971 3277 illi
1005 3213 1176 3300 promissis

30 3329 211 3386 steterunt.
256 3319 382 3383 Eodem
410 3316 507 3381 modo
534 3338 653 3380 munus
680 3316 848 3380 recusavit
875 3312 1020 3378 oblatum
1048 3312 1113 3377 sibi
1135 3334 1177 3377 ex

30 3421 202 3502 Bavaria,
233 3419 291 3483 uhi
320 3415 448 3482 scholas
483 3415 524 3479 ad
554 3416 705 3479 instituta
739 3414 922 3478 scholarum
948 3412 1177 3476 Prussiearum

31 3519 243 3583 conformare
273 3516 439 3583 volebant.
484 3515 588 3580 Paulo
623 3523 697 3601 post
731 3513 837 3578 denuo
870 3535 946 3600 spes
979 3514 1011 3575 ei
1043 3509 1176 3593 affulsit,

31 3620 108 3683 fore
132 3627 170 3681 ut
191 3618 233 3682 ad
252 3617 454 3682 academiam
475 3617 530 3681 via
552 3617 743 3701 aperiretur.
783 3615 932 3678 Mortuus
955 3618 1025 3674 erat
1045 3610 1178 3674 Wilnae

32 3715 97 3780 Vir
120 3716 348 3801 Clarissimus,
378 3717 544 3803 professor
570 3715 740 3779 literarum
768 3714 975 3797 antiquarum
982 3759 991 3791 ,
1019 3708 1179 3773 Godofre-

35 3814 102 3877 dns
125 3814 356 3882 Groddeckius
367 3867 376 3899 ,
400 3826 432 3880 et
456 3839 476 3880 a
505 3812 641 3880 consilio
663 3812 763 3897 hujus
791 3809 1016 3874 universitatis
1045 3828 1177 3871 concur-

35 3935 96 3976 sus
119 3914 265 3976 virorum
288 3915 456 3980 doctorum
475 3915 515 3979 de
536 3911 750 3999 adipiscenda
771 3911 832 3974 hac
857 3907 1012 3972 cathedra
1032 3905 1178 3994 proposi·

32 4022 92 4074 tus
118 4020 199 4075 erat.
244 4011 400 4095 Patruus,
423 4014 537 4077 nuntio
560 4009 675 4093 allato,
706 4029 826 4071 munus
847 4005 930 4070 illud
952 4006 1076 4070 ambire
1104 4026 1177 4067 con-

34 4114 212 4190 stituerat,
246 4132 346 4196 quum
375 4110 491 4175 turbae
520 4113 555 4174 in
585 4107 723 4173 Polonia
756 4115 888 4170 exortae
920 4108 1016 4169 istam
1049 4125 1178 4190 quoque

34 4208 158 4271 urbem
179 4210 407 4294 corripuerunt
413 4258 422 4290 ,
444 4211 491 4272 ita
508 4218 545 4271 ut
565 4208 764 4271 universitas
792 4207 903 4268 statim
930 4204 1175 4267 dissolveretur.

34 4306 141 4370 Irrita
164 4306 266 4388 igitur
289 4306 422 4370 fuerunt
441 4306 522 4369 haec
537 4304 685 4369 mutandi
701 4303 812 4368 sedem
826 4305 1017 4384 tentamina,
1030 4301 1118 4388 quod
1138 4322 1177 4363 eo

30 4405 146 4487 magis
176 4402 353 4468 dolendum
381 4413 466 4487 erat,
495 4404 664 4489 quoniam,
699 4405 763 4467 etsi
789 4404 910 4467 civium
944 4410 976 4466 et
1003 4401 1177 4486 praecipue
