2884 5184
305 475 418 522 rouo
441 475 728 524 csorsurmu
750 476 889 525 osvii.
1125 466 1165 527 89

170 668 172 671 ·
234 650 419 728 ερῐοιιοχίρο
714 653 877 713 τοὶΗῒεοεω

232 750 422 829 katcykyon
555 776 558 783 ·
715 754 826 812 conosi

39 856 63 913 b.
83 875 107 914 e.

189 975 273 1032 αργα
292 953 324 1012 δε
345 974 510 1033 χιροτοιητα
529 957 593 1012 θεω
610 957 912 1032 καταυκυθησονσαι,

39 1055 99 1113 binc
114 1054 286 1132 legendum
305 1063 352 1114 est
584 1037 588 1044 ’

188 1153 264 1234 ἔργα
287 1153 320 1216 δὲ
342 1156 527 1236 χειροποίητα
544 1158 608 1236 θεῷ
629 1150 925 1234 τατακαυθήοονται,

39 1256 83 1313 ubi
107 1277 157 1316 cur
185 1261 254 1338 θεῷ
275 1278 332 1339 pro
356 1260 439 1317 θεῶν
463 1258 561 1317 codici
587 1258 751 1318 obsecutus
774 1260 964 1338 scripserim,
993 1271 1162 1320 monstrant

39 1377 146 1431 versus,
169 1361 223 1439 qui
246 1369 280 1419 et
300 1359 491 1440 praecedunt
510 1367 541 1419 et
561 1369 731 1440 sequuntur
752 1361 785 1417 in
810 1359 990 1438 Sibyllinis:

189 1458 243 1520 καλ
266 1453 331 1520 τότε
351 1451 389 1537 δὴ
412 1455 567 1537 τάμψουσι
588 1463 652 1542 θεῷ
670 1458 803 1543 μεγαλῳ,
826 1461 955 1538 βασιλῆϊ,

189 1551 340 1644 ἆθανοὶτρ)
362 1553 437 1641 γόνυ
460 1556 567 1622 λευκὸν
588 1558 636 1620 ἐπὶ
657 1559 745 1639 χθονὶ
767 1561 983 1644 πουλυβοτείρῃ

42 1670 66 1716 et
188 1659 241 1720 καὶ
263 1655 328 1721 τότε
350 1654 388 1740 δὴ
410 1654 526 1741 χάρμην
542 1654 673 1740 μεγάλην
691 1653 762 1733 θεὸς
786 1650 913 1740 dodonico
933 1656 1038 1739 δώσει,

41 1778 108 1836 quae
133 1763 230 1821 verba
263 1765 341 1823 satis
371 1772 554 1836 monstrant,
583 1764 621 1824 de
649 1786 710 1824 uno
742 1764 798 1823 deo
823 1784 898 1823 vero
921 1765 970 1823 hic
992 1785 1161 1824 sermonem

44 1878 114 1935 esse,
134 1883 197 1922 nou
220 1864 261 1924 de
286 1864 344 1923 diis
367 1865 566 1924 ethnicorum.

346 2034 417 2091 Lis.
442 2033 513 2092 Vll.
538 2052 609 2092 cAP.
633 2031 683 2092 20.
706 2033 737 2109 ἓ.
766 2034 793 2092 1.
818 2033 846 2092 2.

102 2158 164 2236 '‚‚de
189 2189 245 2243 quo
274 2174 373 2228 ιυιλιοιο
401 2179 428 2229 et
458 2189 544 2246 τεραο
573 2176 652 2245 opud
678 2173 868 2246 Erythraeam
896 2174 1028 2244 Sibyllam
1053 2178 1094 2228 ric
1123 2179 1163 2230 in-

45 2269 147 2324 λ’θλλλλλλΐι

191 2359 304 2430 ὁππότε
325 2368 375 2431 cat
397 2362 429 2431 τὸ
451 2364 529 2452 λάβῃ
549 2368 628 2443 τέλος
650 2369 769 2449 αἴσιμον
789 2362 843 2449 ἠδὲ
858 2363 989 2450 βρότοισι

191 2470 243 2531 καὶ
266 2462 305 2549 δὴ
325 2463 466 2550 όφλξηται
487 2472 582 2553 κρίσις
604 2462 772 2532 ἀθανάτοιο
792 2476 893 2548 θεοῖο,

190 2564 255 2649 ἥξει
279 2562 326 2631 ἐπ’
351 2564 533 2646 ἀνθρώπους
555 2566 667 2653 μεγάλη
688 2574 783 2655 κρίσις
802 2563 856 2654 ἠδὲ
877 2569 928 2632 καὶ
949 2563 1036 2649 ἀρχή,

46 2664 88 2722 ubi
107 2655 189 2730 ducite
210 2670 244 2734 δὲ
266 2670 318 2733 καὶ
337 2675 383 2749 Α,
405 2675 439 2735 O.
463 2685 527 2736 tum
548 2698 641 2737 versu
663 2675 692 2735 2.
718 2681 828 2739 omisso
850 2674 901 2737 καλ
924 2672 1020 2756 (quod
1041 2675 1093 2754 qui
1114 2675 1159 2732 in-

45 2769 134 2842 trusit,
163 2772 279 2836 Groeci
301 2779 449 2836 sermonis
474 2780 595 2837 omnino
615 2782 740 2857 ignarus
763 2776 832 2855 fuit)
856 2778 895 2836 ab
915 2777 1002 2835 initio
1022 2765 1162 2851 ἆφλξηται

47 2854 77 2940 ‘ll
95 2870 182 2948 κρίσις
203 2877 244 2950 A,
267 2878 303 2950 B,
328 2876 364 2935 0.
388 2877 591 2940 Contulerunt
608 2881 686 2939 haec
709 2880 842 2940 editores
862 2899 930 2937 cum
951 2876 1091 2936 versibus
1114 2875 1160 2933 Si-

46 2964 135 3042 byllae
156 2974 184 3035 3.
206 3001 237 3038 v.
263 2977 333 3037 741.
358 3000 405 3058 sq.

191 3071 304 3139 ὁππότε
322 3077 474 3141 καὶτοῦτο
495 3072 631 3164 προλόβῃ
649 3076 746 3155 τέλος,
768 3077 888 3154 αἴσιμον
906 3062 987 3155 ἦμαρ

190 3172 255 3259 ἥξει
274 3170 321 3239 ἐπ’
341 3171 524 3262 ἀνθρώπους
545 3171 682 3260 ἀγαθοὺς
701 3172 841 3260 μεγάλοιο
862 3170 1022 3259 καταρχήν,

46 3270 88 3330 Ubi
106 3273 238 3366 προλόβῃ
263 3283 350 3342 deest
370 3285 402 3342 in
426 3283 511 3344 editt.
534 3285 550 3342 Ι
573 3293 604 3344 et
624 3285 671 3358 Π,
696 3305 755 3343 neo
776 3293 861 3364 patet
882 3282 965 3343 unde
984 3302 1092 3341 vocem
1112 3302 1160 3340 re-

48 3378 147 3451 ceperit
159 3380 358 3464 Opsopaeus,
383 3386 467 3444 cuius
487 3385 565 3445 haec
588 3395 635 3445 est
649 3396 736 3460 nota,
759 3387 960 3460 „Lactantius
976 3385 997 3442 1.
1014 3385 1043 3442 7.
1067 3405 1093 3442 c.
1110 3380 1160 3442 20.

47 3468 108 3545 (ium
126 3482 211 3544 offert
228 3494 325 3545 totum
339 3487 493 3545 Lactantii
514 3487 629 3563 locum3
653 3498 716 3547 tum
738 3490 781 3547 ito
794 3486 908 3568 pergit)
932 3487 1073 3546 evariant
1086 3503 1161 3543 sane

48 3574 79 3632 ab
101 3578 145 3642 his
172 3589 299 3647 nostris:
325 3596 358 3646 ut
386 3587 521 3647 dubitem
542 3609 582 3647 an
601 3589 778 3666 Erythraeo
800 3588 949 3660 carmina,
975 3571 1079 3666 qualis
1100 3587 1160 3643 Lo-

48 3683 161 3745 ctantius
182 3689 275 3762 vidit,
298 3690 418 3766 integra
438 3688 478 3747 ad
494 3709 550 3747 nos
565 3690 757 3767 perveniant.
796 3687 859 3746 Sed
876 3697 907 3747 et
923 3687 1056 3745 Puteoni
1069 3706 1160 3743 mem·

48 3772 129 3840 brana
155 3789 277 3852 diversa
310 3798 357 3848 est
383 3810 401 3847 a
429 3789 593 3869 publicatis
626 3787 821 3847 editionibus.
873 3788 926 3847 Sic
957 3787 1038 3847 enim
1067 3786 1163 3844 refert

49 3878 148 3949 priores
179 3890 255 3950 duos
281 3913 404 3965 versus,
435 3900 582 3973 quantum
612 3910 652 3949 ex
673 3890 832 3948 literarum
853 3890 992 3967 vestigiis
1015 3893 1046 3945 ct
1067 3887 1160 3945 iuter-

50 3987 200 4051 pretatione
221 3993 367 4070 colligere
388 3994 482 4053 licet:

195 4082 304 4152 ὁππότε
321 4087 359 4171 δὴ
381 4091 432 4152 καὶ
453 4095 537 4153 τοῦτο
561 4083 639 4175 λάβῃ
657 4089 737 4163 τέλος
758 4089 878 4167 αἴσιμον
898 4074 979 4170 ἦμαρ

195 4191 236 4264 εἰς
256 4190 289 4253 δὲ
307 4184 432 4274 βροτοὺς
448 4186 511 4272 ἥξει
531 4194 642 4273 κρίσις,

50 4290 101 4335 lum
125 4306 186 4350 vero
212 4304 239 4352 ολ
265 4299 311 4353 liic
338 4301 396 4355 dies
423 4301 564 4372 occeperit
588 4298 705 4370 fatalem
734 4298 833 4368 finem.-
866 4298 894 4352 in
923 4299 1046 4355 homines
1072 4306 1163 4355 ααλουι

51 4385 123 4440 ”enm
137 4393 261 4454 iudicium
282 4402 355 4455 etc.“
388 4397 492 4456 Etiam
510 4398 581 4456 hino
600 4405 719 4477 patete
738 4396 867 4455 diversis
885 4396 1020 4457 fontibus
1035 4398 1161 4458 fluxisse

51 4470 181 4553 11820(Ῑιιο
198 4498 386 4577 exemplario
407 4499 539 4558 Puteani
557 4507 587 4557 et
601 4499 892 4575 Regiomontanum„
918 4498 1000 4558 Nom
1013 4500 1045 4558 in
1059 4509 1161 4561 nostro

1181 1486 1206 1526 id
