2884 5184
242 423 281 481 74
575 433 771 481 essenus
793 434 1027 483 summus

196 612 198 615 ’
240 611 401 666 dumw‘
445 607 558 667 Nonne
583 608 742 686 indignum
763 617 810 670 est
828 611 884 668 hcs
904 609 1063 690 Opsopaei
1088 620 1191 683 notas,
1215 614 1338 672 iuuante

242 712 302 771 duo
331 711 456 770 saecula
479 719 511 769 et
539 708 621 790 quod
645 711 781 768 excurrit
803 712 932 790 scriptos
954 712 1159 793 vulgatasque
1176 733 1285 791 prorsus
1299 735 1339 773 nc-

240 816 358 892 glectcs
387 833 456 872 esse
484 831 503 869 a
526 812 682 869 Lactantii
712 811 903 871 editoribus?
940 814 978 872 In
1003 815 1141 872 omnibus
1165 835 1235 873 vero
1259 815 1341 873 verbis

239 924 343 974 noster
356 935 478 994 quoque
491 913 590 972 codex
601 899 760 992 Opsoqiaei
770 915 950 992 scripturam
963 915 1128 974 confirmat.
1148 915 1196 973 Ita
1208 917 1280 974 enim
1288 916 1342 973 illc:

238 1015 1347 1093 kyuamssegeioinoconaneporlunali0ayecictnoeiteennemcassoeeoi

240 1116 1191 1197 attteallocusecacuincssnpucuptoykopocecceteicnnpsm‚
1210 1118 1238 1174 lu
1258 1137 1281 1175 e.

406 1236 523 1293 κυματα
544 1218 661 1288 πεζευσι
677 1232 768 1276 νοσσν
786 1221 957 1295 ανθρωπαν
976 1221 1116 1277 απολυσει

407 1333 505 1394 στησει
526 1322 696 1395 τιθνηωτας
716 1333 866 1378 απωσεται
887 1322 976 1396 αλγεα
997 1321 1091 1377 πολλα

405 1419 472 1498 ες*)
496 1419 529 1479 δε
550 1440 619 1496 μιης
637 1439 733 1496 πηρης
755 1439 845 1497 άρτου
865 1439 953 1496 ιιορος
973 1435 1083 1479 εσσεται
1105 1418 1244 1496 ανδρων,

240 1541 321 1601 quoe
351 1521 506 1581 levissime
535 1530 652 1580 tuntum
680 1520 837 1579 immutata
868 1540 972 1580 veram
998 1522 1161 1580 Lactantio
1192 1520 1350 1597 scripturam

240 1625 410 1683 restituent.
427 1656 469 1664 —
491 1621 614 1700 Operae
635 1622 767 1700 pretium
785 1629 948 1698 practerea
964 1620 1039 1680 duxi
1052 1621 1220 1681 observare
1234 1620 1351 1677 ultimum

240 1745 362 1784 versum
383 1726 416 1782 in
433 1724 589 1783 veteribus
607 1722 763 1780 Lactantii
786 1720 971 1781 editionibus
993 1721 1039 1794 A,
1062 1721 1103 1793 B,
1127 1720 1168 1792 O,
1196 1723 1240 1779 sic
1259 1722 1351 1779 Latino

239 1845 362 1885 versum
385 1844 469 1897 esse,
490 1841 529 1882 ια
548 1829 606 1882 οἰνο
626 1832 717 1881 οολιιι
735 1825 813 1896 fonte
820 1830 906 1897 potus
927 1828 1024 1897 (punis
1040 1821 1079 1901 B)
1099 1827 1212 1880 satietas
1228 1829 1279 1882 erit
1293 1828 1351 1882 virs.

694 1990 792 2050 rom.
816 1989 848 2065 §-
868 1989 918 2050 29.

325 2131 468 2204 „Demque
487 2130 648 2203 Erythraea
668 2129 733 2200 fore
754 2130 808 2197 ait,
839 2134 871 2183 υί
897 2129 1036 2184 diceretur
1060 2130 1161 2184 insana
1189 2136 1217 2184 et
1242 2131 1355 2185 νιοινίοο.

239 2231 284 2286 Ait
301 2233 381 2286 enim.
404 2228 540 2308 (Etenim
563 2229 630 2287 sine
648 2232 688 2285 uit
707 2227 743 2288 O.
766 2225 818 2304 R.)

801 2320 932 2405 φήσουσι
951 2318 1102 2406 Σιβάλλην

402 2431 585 2509 μαινομένην
602 2425 779 2510 ψεῦστριαν·
800 2419 877 2490 ἐπάν
896 2425 929 2488 δὲ
946 2425 1066 2507 γίνηται
1087 2418 1207 2487 ἅπαντα

404 2531 509 2607 τηνίκα
530 2554 589 2609 μου
610 2525 730 2610 μνήμην
745 2525 895 2609 ποιήσετε,
917 2519 947 2590 κ’
970 2518 1028 2589 οῦκ
1049 2527 1090 2589 ἔτι
1110 2519 1143 2606 μ’
1167 2522 1278 2599 οῦδεὶς’

403 2631 585 2710 μαινομένην
606 2625 694 2711 φήσει
715 2653 751 2710 με
771 2635 846 2693 θεοῦ
863 2624 1001 2712 μεγάλοιο
1025 2632 1207 2709 προφῆτιν,“

196 2748 221 2789 οι
240 2733 301 2790 ubi·
316 2724 445 2808 φήσουσι
469 2733 556 2795 deest
581 2737 613 2794 in
633 2733 668 2794 Ο.
698 2731 750 2793 καί
771 2725 870 2794 οῦκέτι
895 2734 931 2810 μὲ
953 2722 1049 2803 οῦδελς
1076 2732 1124 2806 Α,
1145 2731 1179 2791 O.
1212 2724 1296 2810 φήσει
1311 2720 1358 2805 τήν

239 2835 314 2892 θεοῦ
334 2834 379 2907 Α,
400 2834 441 2908 Β,
464 2835 499 2895 O.
518 2855 675 2916 προφητην
695 2835 734 2908 Α,
753 2843 787 2894 ut
811 2844 914 2895 cetera
928 2842 1070 2912 portenta
1085 2836 1229 2894 omittam.
1253 2834 1356 2893 Versus

240 2945 363 2996 exstent
385 2938 416 2995 in
440 2935 584 3018 Sibyllin.
607 2935 637 2996 3.
660 2958 690 2996 v.
710 2934 783 2996 814.
805 2957 873 3018 sqq.

821 3032 951 3116 φήσουσι
972 3035 1124 3116 Σίβυλλαν

403 3137 598 3216 μαινομένην,
621 3132 811 3221 ψεῦστειραν·
830 3131 905 3217 ἐπήν
925 3136 958 3199 di
977 3136 1097 3218 γίνηται
1116 3130 1249 3214 ἅπαντα,

402 3238 508 3313 τηνίκα
531 3259 589 3315 μου
609 3231 729 3317 μνήμην
749 3233 883 3318 ποιήσετε
904 3230 935 3298 κ’
957 3229 1013 3299 οῦκ
1031 3238 1073 3300 ἔτι
1091 3229 1123 3317 μ’
1146 3231 1243 3313 οῦῦείς

402 3335 585 3415 μαινομένην
602 3332 704 3417 φήσειε
725 3343 801 3400 θεοῦ
822 3336 960 3420 μεγάλοιο
980 3343 1138 3419 προφῆτιν,

234 3440 288 3501 ubi
313 3440 329 3515 l
352 3448 383 3499 et
403 3441 436 3498 Π
458 3431 588 3517 μεγάλην
612 3437 644 3500 δὲ
667 3444 826 3522 προφῆτιν.
872 3442 1030 3522 Opsopeei
1053 3452 1126 3501 noto
1156 3444 1286 3502 obscura
1311 3453 1357 3503 est.

237 3546 395 3616 ,‚Luctuntii
420 3545 527 3601 codices
551 3544 653 3601 babent
679 3542 772 3618 φείσει
790 3564 826 3620 με
846 3547 931 3603 θεοῦ.
977 3546 1034 3602 Sed
1055 3553 1110 3602 tum
1127 3549 1210 3619 prius
1231 3534 1263 3621 μ’
1287 3551 1314 3603 in
1333 3544 1359 3602 θ’

234 3649 395 3707 multandum
413 3650 479 3717 erit,
504 3654 535 3703 υί
554 3653 689 3704 monstrat
709 3663 769 3720 νογ.
790 3648 870 3704 οοιί.“
915 3646 1066 3726 Loquitur
1091 3645 1130 3704 de
1149 3646 1288 3724 pluribus
1306 3647 1357 3704 La·

235 3751 341 3811 ctantii
363 3746 533 3822 codicibus;
560 3745 659 3805 editos
677 3746 782 3826 itaque
801 3747 835 3804 ni
855 3746 946 3805 fallor
968 3747 1137 3822 intellexit3
1161 3747 1267 3807 sedin
1283 3748 1359 3807 nullo

236 3852 317 3913 edito
345 3858 467 3930 praeter
489 3848 519 3906 D
549 3855 580 3907 et
604 3848 731 3907 Bunem.
757 3867 792 3925 με
817 3848 938 3924 inveni;
967 3856 1075 3908 vetera
1104 3851 1294 3928 exemplaria
1313 3850 1358 3908 ha·

234 3954 308 4012 beut
325 3940 380 4026 τήν
401 3951 485 4009 θεοῦ.
520 3949 688 4010 Praeterea
708 3951 811 4029 regius
834 3951 888 4009 ille
911 3948 1026 4022 codex,
1051 3970 1111 4029 quo
1135 3959 1259 4010 auctore
1276 3941 1313 4027 μ’
1333 3951 1360 4007 in

233 4041 263 4109 d’
284 4050 460 4110 mutandum
477 4049 602 4123 suadet,
627 4049 726 4110 codex
740 4062 787 4111 est
803 4053 969 4111 carminum
985 4050 1216 4128 Sibyllinorum.
1252 4050 1359 4110 Verum

236 4141 266 4208 θ’
294 4173 331 4211 eo
359 4153 429 4210 loco
459 4160 540 4211 sture
568 4152 684 4232 nequit.
735 4154 785 4212 De
810 4154 942 4213 Puteani
977 4152 1083 4212 codice
1114 4172 1240 4232 prorsus
1267 4159 1357 4224 tecet3

234 4251 392 4311 videamus
416 4254 521 4331 itaque
549 4255 730 4332 scripturam
758 4254 872 4314 codicis
902 4255 1155 4330 Regiomontani:
1187 4253 1359 4329 cbncoycici

305 4463 331 4523 *)
348 4464 395 4510 hie
413 4481 520 4526 quoque
538 4480 554 4513 σ
572 4474 599 4516 ot
617 4485 634 4515 ιι
652 4473 772 4521 confuss.
