2884 5184
321 476 431 524 APUD
454 476 740 525 LAG‘I'AN'I'IUH
763 478 905 528 OBVIA.

150 646 196 718 εἰς
220 644 426 727 ἔνιπτόσματα
447 642 658 730 φαρμακόεντα
674 641 799 732 παρειὰς
820 643 912 713 alteo

149 740 268 824 δοόσει,
295 740 332 808 π’
357 749 398 822 εἰς
418 747 561 830 μάστιγας
581 743 711 812 ἃπλιόσει
731 742 768 811 o’
792 746 885 832 ἁγνόν
907 757 1013 831 νῶτον,

32 850 72 908 rbi
90 848 299 931 Opsopaeus
330 861 432 926 notat,
462 854 493 911 in
520 856 607 931 regio
636 852 742 914 codice
764 856 926 916 manifesta
945 855 1083 917 defectus
1105 867 1178 918 nota

34 953 82 1027 egi
104 961 238 1011 tantum
268 947 464 1031 ἔππτόσματα
491 950 708 1033 φαρμακόεντα.
752 958 920 1018 Praeterea
940 959 1096 1036 vulgatam
1116 960 1176 1018 La-

32 1054 128 1111 :tantii
152 1055 358 1134 scripturam
381 1054 484 1129 affert,
505 1056 590 1114 ubi
576 1076 641 1134 Jam
663 1078 699 1115 τα
713 1050 867 1135 πνόσματα
884 1060 966 1118 citat.
1002 1060 1052 1118 Dc
1071 1058 1177 1118 codice

32 1153 157 1213 )ιιλοοοὶ
179 1176 324 1234 prorsus
346 1165 439 1216 tacet
485 1156 593 1218 Codex
610 1159 750 1237 Regiom.
779 1159 857 1219 haec
883 1161 993 1220 habet:
1022 1161 1175 1220 eicauouo

32 1256 1169 1340 ycxeipackiassictoactoponieiaoncteoiuae(lupallicmataxepcianatn

32 1356 1172 1442 ryckaictouacinniapoyceullticnatacbapuakocataameciaaiouaotita
1223 1422 1225 1426 .

32 1456 458 1533 zallamcataontotonmtoa,
481 1462 512 1520 h.
538 1483 565 1522 e.

154 1578 200 1630 εις
222 1581 363 1637 ανομοος
384 1581 481 1641 χειρας
502 1585 552 1623 και
574 1578 707 1622 απισνων
728 1577 811 1644 σνερο
831 1562 893 1638 ηξει
1194 1580 1220 1621 43

155 1658 333 1737 δσνηστεσιν
352 1662 384 1721 δε
402 1666 452 1721 θα
474 1680 642 1742 ραπισματα
664 1679 744 1742 χερσι
764 1684 905 1742 αναγνοις

155 1783 213 1820 και
237 1778 389 1837 στομασιν
411 1785 526 1847 μιαροις
543 1781 730 1843 ενπνησματα
751 1784 961 1843 φαρμακοενια

157 1862 256 1924 occa
284 1854 313 1923 δ’
335 1885 376 1937 εις
393 1882 534 1945 μαστιγας
556 1871 656 1938 απλως
678 1886 771 1945 αγνον
791 1886 853 1925 τοτε
872 1887 982 1941 vator,

32 1960 80 2017 ubi
103 1965 186 2022 mira
217 1975 272 2025 eet
301 1968 455 2046 corruptio
483 1965 642 2045 διοηστεσιν
662 1989 718 2048 pro
740 1960 902 2045 δώσουσιν,
933 1967 1016 2049 quod
1039 1989 1094 2048 pro
1118 1961 1176 2027 διό-

34 2076 128 2139 σονσι,
157 2066 334 2126 Lactantio
357 2067 555 2128 reddendum.
600 2071 769 2130 Praeterea
796 2072 884 2131 videa
909 2090 1025 2149 μιαροις
1051 2088 1083 2127 εν
1103 2087 1174 2127 πτυ-

35 2175 124 2235 σματα
144 2187 165 2224 a
191 2170 359 2229 veteribus
385 2169 551 2230 editoribus
576 2171 765 2230 immutatum
792 2191 860 2230 esee
881 2172 913 2228 in
934 2171 1084 2248 μιαροῖσιν
1103 2164 1175 2228 πτό-

37 2275 142 2337 ucam
173 2271 255 2330 mihi
283 2292 358 2331 vero
385 2273 489 2351 potius
517 2270 555 2329 ob
579 2279 682 2328 notam
705 2270 863 2329 literarum
883 2288 905 2326 Η
925 2277 956 2328 et
977 2289 999 2327 rr
1023 2268 1174 2327 confusio-

37 2380 102 2421 nem
120 2377 152 2425 et
172 2373 395 2432 auctoritatem
411 2371 603 2431 collectionis
620 2370 841 2449 Sibyllinorum
854 2389 997 2429 versuum
1011 2367 1176 2445 legendum

40 2463 156 2527 videtur
178 2477 304 2552 μιαροῖς
327 2467 521 2550 ἐππτόσματα.
555 2470 689 2550 Vulgata
710 2481 810 2546 carte,
834 2474 950 2550 μιαροῖς
969 2461 1006 2528 τό
1024 2462 1177 2546 πτόσματα

43 2570 117 2624 stare
141 2575 269 2653 nequit.
313 2575 454 2634 Tandem
484 2594 668 2657 quamquam
690 2563 821 2651 όνόμονς
840 2583 944 2634 noster
965 2574 1055 2633 etiam
1077 2570 1175 2631 codex

44 2667 211 2748 confirmat,
235 2677 383 2755 praefero
401 2686 504 2737 tamen
525 2667 647 2753 ἀνόμων
665 2685 791 2757 propter
810 2677 964 2756 adjectum
982 2664 1122 2734 ἀπίστων.

490 2846 589 2905 ram.
620 2843 651 2919 §-
676 2845 724 2903 17.

123 2961 178 3026 „Et
201 2964 310 3038 Sibylla
327 2981 417 3039 supra
434 2968 521 3023 dicta:
616 3021 619 3025 .

64 3088 67 3091 ‘
167 3060 222 3122 καὶ
246 3056 475 3141 κολαφιζόμενος
496 3055 624 3142 σιγήσει,
646 3054 753 3140 μήτις
775 3059 884 3141 ἐπιγνῷ

165 3161 212 3233 τίς
234 3153 378 3279 λόγος,
358 3186 377 3241 η
396 3155 493 3227 πόθεν
514 3150 662 3243 ἦλθεν,”
645 3186 695 3223 ινα
717 3160 891 3240 φθιμένοισι
912 3157 1040 3246 λαλήσῃ,

167 3260 220 3321 καὶ
243 3257 391 3339 στεφόνον
413 3261 583 3344 φορέσει
551 3286 605 3324 τον
627 3253 831 3349 ακόνθινον.“

49 3348 82 3411 ln
106 3357 136 3417 Α
168 3362 282 3424 desunt
307 3365 367 3426 duo
390 3369 508 3447 priores
532 3387 651 3427 versus.
703 3368 837 3448 Reliqua
866 3367 1007 3429 lectionis
1039 3370 1174 3428 varietas

49 3471 104 3514 non
122 3468 227 3542 magni
249 3469 394 3527 momenti
413 3477 475 3541 eet,
502 3469 562 3528 nisi
585 3467 666 3548 quod
687 3467 731 3539 τίς
750 3461 875 3539 τίνοςἋ
850 3490 893 3529 ιον
911 3462 1008 3528 πόθεν
1028 3454 1150 3547 ἦλθεν
1142 3491 1174 3528 m

53 3549 205 3635 Slbyllinis
226 3568 313 3627 libris
335 3570 502 3648 reperitur,
524 3566 554 3628 8.
576 3590 607 3627 v.
624 3567 695 3629 293.
715 3570 907 3648 Augustinus
929 3590 1002 3629 vero
1018 3570 1173 3629 Lactantii

52 3650 206 3727 lectionem
231 3670 398 3749 expressim
428 3678 554 3730 notante
581 3669 735 3746 Betulejo.
788 3668 895 3729 Codex
923 3690 1045 3749 quoque
1071 3679 1174 3730 noster

54 3755 199 3834 vlllgatam
224 3771 404 3851 scripturam
434 3770 605 3844 confirmat5
634 3769 695 3828 nisi
724 3769 806 3849 quod
833 3761 946 3852 λαλήσῃ
972 3791 1027 3849 pro
1056 3763 1175 3847 λαλήσει

55 3872 114 3916 Cum
135 3866 260 3930 edition
279 3869 462 3932 Oexhibet
507 3870 622 3931 Contra
642 3866 755 3953 φορὲσῃ
775 3869 904 3992 praebet
927 3869 1001 3929 edit.
1021 3870 1057 3928 B.
1102 3871 1173 3929 Non

57 3972 186 4033 ⁰P11⁸est
207 3970 320 4031 diutius
341 3973 417 4033 hie
408 3973 571 4033 immorari

491 4140 588 4200 rara.
614 4138 652 4216 ς·
671 4137 719 4197 19.

131 4272 225 4340 „Idem
245 4278 297 4334 hoc
317 4278 445 4350 {uturum
466 4282 546 4334 etiam
569 4278 672 4351 Sibylla
692 4278 856 4333 concionata
877 4280 932 4330 eal:

171 4374 210 4446 εἰς
230 4372 262 4434 δὲ
283 4365 316 4435 τό
337 4375 442 4455 βρῶμα
464 4366 554 4453 χολὴν
574 4362 606 4435 κ’
630 4374 670 4446 εἰς
690 4373 785 4450 δίψαν
802 4363 867 4446 όξος
886 4369 1017 4445 ἔδωκαν,

168 4477 219 4553 τῆς
237 4464 422 4554 όφιλοξενίης
442 4468 551 4553 ταύτην
573 4472 700 4548 δείξουσι
722 4467 900 4554 ιρόπεζαν.“
925 4557 926 4560 ¹
976 4494 979 4499 ¹
