2884 5184
394 454 506 512 aruo
528 453 818 503 nrcraurrurr.
1118 445 1176 506 133

46 632 233 713 praeferrent.
284 626 435 705 Κρονίδην
456 647 518 686 uon
539 646 608 687 esse
631 627 814 702 Saturnum,
842 639 957 690 certum
981 638 1043 703 est,
1070 650 1174 710 quam-

45 735 82 791 vis
99 734 139 790 ita
161 729 353 809 Opsopaeus
375 729 482 801 vertit,
506 729 551 807 (iu
573 730 705 789 oraculis
726 731 870 804 metricis,
894 731 1023 809 adjectis
1047 730 1087 789 ad
1111 731 1173 789 oal-

46 854 97 893 cem
116 830 346 909 Sibyllinorum
367 850 438 910 pag.
468 827 510 907 2.)
530 838 564 889 ut
584 832 730 904 nesciam,
753 831 835 892 unde
857 833 1021 892 Berkelius
1043 833 1074 891 in
1094 832 1174 892 notis

45 935 76 993 ad
102 932 209 1010 Steph.
243 932 325 1008 Byr.
347 928 492 1003 affirmet,
515 928 713 1011 Opsopaeum
732 934 824 993 etiam
839 933 951 993 Jovem
972 933 1174 1005 intellexisse,

44 1032 290 1114 quemadmodum
318 1029 518 1108 interpretem
549 1033 694 1093 Latinum
730 1035 885 1113 Dionysii.
941 1034 993 1093 Ex
1025 1032 1173 1105 omnibus,

44 1155 110 1215 quae
130 1142 313 1204 narrantur,
336 1139 474 1210 apertum
498 1141 558 1206 est,
581 1134 714 1213 intelligi
737 1135 851 1196 debere
871 1135 1044 1210 Plutonem.
1082 1132 1174 1192 Hunc

43 1256 105 1294 vero
137 1234 269 1294 Saturni
297 1233 407 1306 filium,
439 1231 604 1311 Κρονίδην,
637 1234 698 1294 dici
728 1257 834 1316 posse,
872 1258 933 1296 non
963 1243 1009 1295 est
1040 1232 1174 1292 dubium.

43 1338 144 1395 Verum
164 1336 306 1396 nondum
327 1334 400 1394 mihi
421 1334 603 1414 persuaderi
624 1337 740 1416 patior,
762 1358 870 1398 vocem
892 1333 1043 1415 Κρονίδην
1064 1353 1121 1413 per
1141 1319 1174 1392 se

45 1457 215 1517 quemquam
247 1438 341 1497 alium
368 1435 542 1514 significare
569 1457 675 1515 posse,
705 1458 797 1518 quam
822 1439 945 1497 Jovem.
995 1435 1095 1507 Hinc,
1115 1435 1175 1494 nisi

45 1538 169 1597 consulto
194 1539 359 1599 obscurius
377 1538 512 1598 locutum
537 1538 694 1598 oraculum
716 1539 816 1612 dicas,
843 1540 949 1618 utique
970 1534 1175 1618 praeferenda

45 1638 151 1699 videtur
173 1641 330 1701 Macrobii
349 1640 500 1719 scriptura
517 1631 604 1716 ‘'Adq,
627 1640 773 1719 quicquid
796 1640 1001 1721 obloquuntur
1011 1638 1174 1698 Berkelius

46 1739 78 1797 ad
90 1739 195 1821 Steph.
215 1751 249 1803 ct
266 1742 402 1803 Gronov.
415 1740 456 1820 ad
470 1740 670 1800 Macrobium.
685 1740 789 1821 Atque
808 1740 936 1819 insignis
957 1740 1029 1800 huic
1048 1737 1174 1797 lectioni

47 1843 198 1902 auctoritas
221 1843 345 1903 accedit
366 1863 385 1900 a
404 1841 510 1901 codice
532 1839 642 1914 Gauri,
665 1861 757 1922 quam
774 1831 860 1924 ’Λίδη
878 1841 960 1922 apud
980 1839 1174 1900 Lactantium

46 1944 181 2020 praebere
204 1952 294 2005 notat
312 1944 544 2003 Bunemannus:
574 1942 678 2004 Semel
706 1945 787 2003 enim
815 1952 868 2002 aut
894 1943 941 2003 bis
969 1963 1009 2002 ex
1037 1941 1095 2000 boc
1119 1937 1172 1999 'co-

49 2042 104 2104 diee
121 2044 218 2106 Sauci
231 2046 284 2126 (de
300 2067 359 2125 quo
381 2046 454 2105 vide
465 2046 634 2106 Buneman.
649 2045 681 2104 in
694 2045 826 2124 praefat.
841 2046 873 2104 in
887 2064 1019 2104 recensu
1035 2042 1174 2102 codicum

49 2145 94 2220 Nr,
117 2146 177 2226 19.)
207 2149 314 2208 varias
339 2149 488 2209 lectiones
516 2146 548 2206 iu
576 2145 652 2204 locis
679 2144 808 2206 Graecis
840 2146 1008 2205 attulerunt
1041 2142 1174 2202 editores

49 2246 187 2309 lactantii
203 2250 258 2329 (cf.
278 2250 386 2329 fragm.
406 2247 518 2327 Sibyll.
536 2248 568 2305 in
582 2246 725 2304 Lactant.
747 2246 881 2304 Institut.
903 2244 972 2311 Lib.
984 2244 1022 2301 .1.
1044 2241 1120 2320 Cap.
1144 2241 1173 2299 6·

50 2346 75 2421 ἓ.
97 2348 155 2429 16.)
201 2352 358 2430 Quoniam
378 2370 452 2410 vero
475 2348 576 2408 codex
603 2347 653 2405 hic
683 2344 781 2405 Cauci
808 2346 840 2403 in
867 2345 927 2403 hoc
954 2342 1175 2421 Sibyllinorum

50 2468 128 2509 versu
150 2473 219 2513 cum
243 2454 349 2514 codice
370 2451 517 2524 Puteani,
541 2470 632 2531 quem
655 2448 837 2528 Opsopaeus
861 2443 996 2516 contulit,
1019 2449 1050 2501 θῖ
1069 2440 1176 2499 codice

50 2549 280 2628 Regiomontano
301 2574 425 2635 prorsus
449 2552 616 2632 conspirat,
639 2551 731 2610 etiam
748 2551 780 2609 in
801 2556 904 2608 nostro
925 2565 1006 2605 nunc
1031 2544 1100 2603 loco
1122 2563 1174 2601 ve·

51 2658 132 2712 terem
151 2657 309 2718 Lactantii
332 2657 496 2727 lectionem
512 2645 593 2735 “Adp
614 2653 680 2713 sive
698 2641 786 2733 ’Λίδη
808 2651 917 2723 fuisse,
939 2668 1002 2708 non
1027 2644 1175 2706 immerito

52 2755 108 2830 quis
126 2760 281 2836 conjiciat.
306 2757 384 2831 Sed,
400 2755 482 2836 quod
503 2774 694 2833 summopere
713 2752 879 2813 dolendum
900 2760 960 2823 est,
983 2749 1022 2808 de
1043 2747 1176 2806 lectione

53 2856 152 2919 codicis
173 2861 323 2933 Puteani,
340 2867 556 2939 praeterquam
574 2853 614 2913 ad
629 2853 784 2932 Sibyllina
805 2852 882 2911 nihil
904 2851 1050 2924 innotuit3
1072 2855 1177 2907 noster

52 2976 113 3016 vero
135 2962 236 3023 codex
257 2963 315 3021 hoc
336 2962 406 3020 loco
428 2960 511 3037 ipsas
534 2957 604 3015 illas
631 2955 752 3026 literas,
783 2955 814 3012 in
843 2951 953 3033 quibus
981 2959 1076 3010 toturn
1102 2948 1174 3008 scri-

54 3066 148 3134 pturae
176 3063 342 3124 discrimen
370 3067 520 3131 versatur,
553 3056 676 3131 omittit3
706 3056 856 3133 scriptura
878 3053 958 3111 enirn
982 3050 1095 3111 codicis
1116 3050 1177 3108 Re·
1227 3131 1230 3137 Ι

55 3160 132 3233 giem.
154 3165 235 3225 haec
258 3172 319 3224 est:
342 3164 396 3222 lrai
415 3156 940 3236 keuaacarrkaviotatpillenceinte
962 3154 993 3212 h.
1017 3172 1044 3211 e.

207 3301 259 3339 aua
280 3298 394 3355 κεφαας
415 3321 422 3334 .
444 3321 450 3333 .
472 3316 480 3333 .
503 3274 541 3351 δη
563 3295 621 3333 auu
642 3293 674 3332 ro
692 3293 776 3351 τατρι
793 3289 904 3348 aspiret
929 3290 997 3328 θνα.

55 3374 116 3436 dum
136 3384 194 3441 etsi
216 3382 324 3458 negari
340 3378 462 3458 nequit,
484 3385 556 3436 ante
577 3396 619 3436 au
640 3376 670 3434 h.
701 3395 729 3434 e.
752 3373 790 3450 δη
815 3371 959 3433 excidere
982 3370 1119 3449 potuisse
1141 3368 1177 3428 li·

55 3482 124 3538 teras
150 3504 253 3562 κρονι,
280 3490 384 3540 tamen
412 3480 506 3538 multo
540 3477 737 3539 verisimilius
767 3482 831 3547 est,
859 3472 1016 3532 librarium
1043 3472 1177 3549 gemina-

56 3583 108 3638 tum
133 3583 365 3662 {neglexissm
398 3588 428 3640 et
457 3579 616 3658 scripsisse
646 3597 688 3635 arr
709 3597 765 3655 pro
796 3594 858 3632 aas
881 3575 912 3630 h.
940 3593 968 3631 e.
995 3566 1068 3651 ἅδῃ,
1099 3591 1178 3649 quae

58 3683 220 3759 conjectura
246 3706 315 3745 mea
337 3683 460 3765 quidem
483 3679 637 3739 sententia
662 3675 706 3734 ita
728 3683 812 3734 certa
832 3673 969 3744 videtur,
988 3679 1022 3729 ut
1042 3691 1103 3728 non
1125 3669 1178 3728 du-

57 3777 151 3860 bitem,
169 3795 306 3847 nostrum
326 3804 448 3866 quoque
468 3779 604 3841 codicem
625 3777 704 3834 iuter
725 3794 887 3855 sponsores
906 3771 1047 3833 lectionis
1059 3771 1177 3828 Macro-

57 3878 154 3947 bianae
175 3888 302 3948 referre.
310 3883 342 3964 *l
365 3917 407 3928 —-
435 3883 479 3943 Ut
506 3880 546 3941 ad
573 3878 737 3939 lectionem
761 3872 1044 3933 Bunemannianam
1069 3869 1177 3930 redea-

59 3999 122 4060 mus,
143 3979 194 4049 hic
213 4010 297 4064 φωτα
318 3988 384 4047 sinc
407 3992 536 4046 accentu
558 3981 608 4042 edi
631 3978 767 4050 curavit,
796 3978 835 4034 ad
857 3976 1025 4048 notandam,
1052 3979 1086 4031 ut
1112 3972 1179 4050 ipse

64 4139 247 4160 *—

118 4233 142 4300 *)
158 4238 228 4287 Miro
248 4238 304 4287 fato
322 4237 427 4287 Latina
443 4251 551 4301 quoque
568 4232 758 4298 interpretatio
775 4231 804 4279 in
822 4228 882 4278 cod.
909 4228 978 4291 Reg.
1004 4226 1104 4275 omissa
1129 4225 1180 4283 est,

60 4325 119 4374 ‘luae
136 4320 228 4371 forsan
245 4337 295 4372 nos
321 4322 355 4371 de
376 4321 494 4371 lectione
515 4320 644 4370 certiores
666 4317 787 4367 fecisset.
809 4339 844 4350 -
864 4309 1020 4375 Perspicuis
1043 4308 1130 4357 literis
1152 4306 1181 4355 in

61 4397 110 4449 cod.
127 4403 237 4456 Vratisl.
255 4406 386 4470 scriptum
403 4407 493 4455 exstat
513 4397 601 4466 Λίδη,
623 4404 669 4463 ut,
693 4398 767 4466 quod
784 4394 929 4448 Lactantio
948 4393 1057 4447 restitui
1075 4391 1183 4456 debeat,

60 4491 104 4532 ¹10ss
120 4488 155 4538 sit
171 4489 292 4541 dubium.
