2884 5184
254 435 317 482 xv1
567 433 651 481 vm
673 432 752 484 CAR.
775 434 906 484 LUDOV.
930 434 1074 484 sukuva.

254 628 364 671 rorum
400 612 482 668 natu
511 607 693 690 maximus,
725 607 812 671 laeta
843 608 1045 672 incrementa
1072 607 1168 692 cepit.
1223 602 1379 689 Egregiae

254 707 349 795 pueri
370 706 461 770 dotes
479 706 551 792 jam
573 715 699 772 mature
717 719 946 797 proruperunt.
980 710 1035 774 Sic
1055 709 1139 773 miro
1156 705 1297 792 quodam
1308 721 1379 767 casu

254 809 378 872 factum
400 817 466 892 est,
489 817 526 873 ut
548 819 662 896 quarto
684 813 802 875 aetatis
825 832 921 896 anno,
941 819 1117 897 antequam
1136 809 1304 873 literarum
1322 802 1379 867 for-

254 930 324 973 mas
345 911 568 996 cognovisset,
593 910 781 997 syllabatim
801 934 857 976 eas
885 913 1000 977 efferre
1029 921 1151 1000 posset.
1190 908 1272 972 Erat
1300 904 1380 970 enim

204 1046 208 1051 ·
254 1033 297 1074 ex
318 1010 458 1077 adverso
481 1011 591 1076 domui
610 1021 767 1099 paternae
790 1013 918 1098 schola,
938 1015 997 1080 ubi
1016 1014 1178 1079 elementa
1199 1007 1382 1074 edisceban-

253 1122 318 1177 tur.
363 1112 438 1178 Jam
462 1134 562 1199 quum
586 1116 722 1179 aestatis
745 1124 890 1204 tempore
912 1118 1034 1203 apertis
1057 1113 1211 1180 fenestris
1231 1109 1383 1176 exercita-

252 1215 359 1279 tiones
382 1212 457 1279 illae
475 1214 688 1298 haberentur,
711 1240 808 1304 puer,
829 1221 865 1284 in
886 1220 978 1283 aditu
1000 1217 1114 1282 domus
1135 1209 1383 1280 cumfratribus

252 1315 386 1399 ludens,
409 1315 468 1381 has
492 1317 680 1403 excipiebat
701 1329 735 1383 et
757 1341 877 1405 magno
898 1342 972 1385 curn
994 1318 1115 1404 gaudio
1136 1316 1234 1381 matri
1256 1310 1385 1377 miranti

253 1440 309 1501 ea,
331 1439 414 1505 quae
437 1417 615 1502 didicerat,
637 1420 816 1507 repetebat.
861 1421 930 1486 Sub
952 1422 1050 1485 finem
1074 1420 1154 1485 anni
1178 1419 1269 1481 1791.
1295 1422 1385 1502 pater

253 1541 327 1585 eum
349 1530 418 1586 tota
438 1518 565 1585 familia
582 1521 618 1585 in
638 1523 778 1610 patriam
797 1522 983 1588 Holsatiam
1006 1545 1041 1587 se
1062 1519 1219 1602 contulit,
1242 1517 1301 1582 ubi
1320 1537 1385 1579 mu·

252 1642 315 1685 nus
349 1619 519 1685 directoris
552 1621 727 1709 Gymnasii
756 1625 854 1711 Regii
885 1625 1101 1706 Christianei,
1130 1620 1218 1710 quod
1246 1619 1386 1684 Altonae

253 1721 364 1804 floret,
386 1722 544 1795 traditum
566 1727 596 1789 ei
616 1734 696 1790 erat.
732 1725 888 1809 Carolus,
909 1729 1082 1814 septimum
1104 1734 1173 1790 tum
1195 1724 1315 1788 aetatis
1335 1742 1387 1785 an·

252 1845 331 1886 num
350 1845 468 1909 agens,
491 1825 526 1890 in
546 1828 677 1891 tertiam
697 1827 797 1913 hujus
824 1826 953 1893 scholae
983 1827 1122 1892 classem
1150 1834 1301 1913 receptus
1329 1831 1386 1889 est.

179 2004 193 2026 ,
253 1922 388 1989 Praeter
409 1924 581 2012 lectiones,
601 1928 722 2016 quibus
744 1929 779 1994 in
802 1929 913 1994 schola
934 1931 1110 2013 intererat,
1133 1928 1273 2016 privatis
1297 1948 1387 1991 exer.

253 2027 518 2112 citationibus,a
542 2037 635 2118 patre
658 2053 732 2096 cum
761 2053 799 2096 eo
828 2030 967 2119 aliisque
993 2031 1104 2117 pueris
1131 2031 1313 2114 institutis,
1340 2051 1387 2092 ar-

254 2128 336 2193 dens
357 2129 429 2215 ejus
448 2132 576 2197 animus
588 2154 793 2221 magnopere
822 2133 973 2199 excultus
1001 2143 1061 2198 est.
1105 2132 1188 2198 Erat
1213 2133 1300 2219 patri
1321 2131 1387 2196 exi·

253 2226 319 2293 mia
342 2226 481 2298 docendi
501 2232 688 2319 methodus,
712 2258 811 2323 quam
831 2236 914 2301 mira
936 2235 1146 2323 simplicitate
1167 2242 1200 2299 et
1218 2237 1290 2299 acie
1311 2254 1388 2321 pue-

254 2352 364 2397 rorum
383 2334 509 2401 animos
530 2338 699 2426 impulisse
717 2346 750 2403 et
765 2341 944 2419 excitasse,
964 2338 1187 2404 adolescentes
1209 2335 1252 2399 ad
1273 2335 1391 2400 altiora

253 2434 363 2499 studia
380 2436 615 2520 inflammasse,
640 2459 739 2524 quum
761 2459 871 2499 omnes
889 2438 960 2519 ejus
983 2436 1147 2521 discipuli,
1160 2444 1230 2498 tum
1247 2438 1391 2500 maxime

252 2534 313 2600 filii
330 2539 385 2624 pio
408 2541 516 2603 animo
540 2560 637 2625 saepe
658 2545 772 2623 postea
793 2534 936 2620 professi
958 2542 1044 2598 sunt.
1070 2534 1124 2617 Sic
1143 2532 1269 2619 aliquot
1291 2538 1391 2601 annis

253 2659 327 2702 cum
343 2637 411 2703 filio
434 2636 549 2702 Oarolo
572 2646 604 2700 et
621 2636 766 2699 Henrico
786 2633 1042 2717 Schumachero,
1064 2634 1201 2723 posthac
1220 2656 1296 2700 curn
1319 2637 1390 2703 filio

254 2737 431 2804 Guilielmo
452 2737 605 2822 aliisque,
633 2734 881 2800 mathematicas
909 2735 1118 2824 disciplinas,
1147 2738 1246 2802 etiam
1276 2761 1390 2804 recon-

254 2842 403 2923 ditiores,
425 2837 669 2903 accuratissime
689 2839 913 2925 pertractavit.
955 2836 1038 2902 Inde
1058 2839 1155 2905 ardor
1178 2850 1211 2904 et
1232 2841 1390 2917 studium,

253 2938 372 3032 quibus
385 2937 643 3005 Schumacherus
664 2950 696 3006 et
707 2938 903 3006 Guilielmus
919 2939 961 3004 ad
979 2943 1211 3007 astronomiam
1223 2945 1389 3025 conversi,
1428 2982 1429 3055 p

250 3053 433 3130 temporum
460 3041 600 3109 decursu
624 3064 783 3109 summam
809 3045 845 3107 in
878 3063 917 3106 ea
944 3043 1119 3131 disciplina
1148 3043 1277 3107 laudem
1298 3063 1392 3107 asse·
1428 3058 1429 3061 ’

254 3145 320 3209 cuti
343 3148 429 3206 sunt.
474 3141 684 3222 Quinetiam
707 3143 1053 3226 Carolumingenium
1082 3143 1125 3205 ad
1153 3144 1298 3209 studium
1318 3166 1388 3208 ma-

252 3242 447 3309 thematicae
469 3264 681 3331 propensum,
707 3246 736 3309 si
755 3253 859 3309 totum
885 3264 919 3306 se
940 3242 991 3306 his
1020 3242 1204 3330 disciplinis
1232 3245 1388 3312 tradidis-
1428 3254 1429 3261 ’

253 3352 318 3427 set,
339 3344 424 3410 inter
451 3346 648 3431 insigniores
676 3346 843 3433 posuisset
870 3345 941 3430 ejus
972 3344 1128 3407 scientiae
1153 3347 1259 3431 viros,
1289 3370 1388 3434 quam

252 3445 438 3534 philologus
465 3448 565 3511 animi
592 3448 703 3534 potius
737 3443 910 3509 relaxandi
938 3464 1037 3509 causa
1063 3466 1123 3530 per
1153 3455 1257 3512 totam
1284 3451 1387 3514 vitam

253 3546 391 3612 colebat.
439 3550 536 3614 Anno
557 3548 637 3611 1794
663 3548 699 3612 in
720 3547 897 3612 secundam
924 3546 1062 3610 classem
1089 3552 1308 3636 transpositus
1336 3561 1387 3617 est
1428 3622 1429 3625 ,

254 3646 409 3732 Carolus,
432 3671 517 3714 anno
541 3652 622 3714 1796
643 3650 679 3714 in
698 3651 837 3738 primam
857 3656 1042 3735 provectus.
1081 3648 1145 3714 Hic
1167 3671 1292 3717 summo
1312 3674 1388 3718 cum
1428 3680 1429 3725 i

254 3750 362 3816 studio
392 3749 495 3816 literis
524 3751 661 3818 Graecis
694 3762 728 3818 et
755 3750 884 3815 Latinis
920 3771 1050 3837 operam
1079 3753 1216 3817 navavit
1247 3753 1387 3819 ducibus

252 3862 345 3941 patre
367 3862 400 3918 et
420 3851 500 3919 Viro
518 3853 719 3921 Doctissimo
743 3851 784 3917 G.
804 3851 844 3915 Ε.
862 3849 1060 3936 Klausenio,
1083 3854 1137 3918 cui
1158 3863 1316 3940 quantum
1331 3854 1387 3918 de-

250 3955 361 4039 beret,
393 3965 488 4042 grato
520 3960 629 4022 animo
661 3956 807 4021 elocutus
844 3963 894 4018 est
925 3953 1144 4040 quadraginta
1175 3958 1270 4020 annis
1299 3964 1384 4044 post,
1428 3942 1429 3993 l

254 4078 354 4143 quum
375 4078 465 4150 anno
485 4061 577 4124 1836.
601 4078 702 4123 senex
724 4054 779 4119 ille
800 4053 1019 4138 Klausenius,
1042 4056 1099 4142 qui
1121 4059 1290 4122 etiamtum
1310 4080 1384 4145 pro·

253 4157 360 4223 sessor
379 4166 412 4223 et
432 4169 539 4228 rector
562 4168 632 4224 erat
651 4159 817 4244 gymnasii
841 4155 1057 4241 Christianei,
1086 4158 1198 4222 decem
1224 4157 1329 4223 lustra
1349 4161 1385 4222 in

253 4281 388 4323 munere
416 4259 557 4326 feliciter
583 4266 700 4322 exacta
721 4258 917 4341 celebraret,
941 4260 1043 4323 missa
1062 4259 1289 4324 dissertatione
1311 4281 1383 4324 sua-

252 4361 405 4443 vissima,
428 4363 462 4424 in
484 4384 549 4449 qua
568 4383 589 4424 a
607 4360 671 4445 piis
693 4382 752 4447 pro
778 4368 988 4448 praeceptore
1015 4381 1091 4423 sene
1113 4360 1198 4426 votis
1218 4361 1383 4447 conceptis

252 4481 406 4540 exorsus,
430 4462 470 4524 de
492 4460 659 4526 nonnullis
681 4463 861 4525 carminum
882 4460 1015 4526 Horatii
1037 4461 1177 4547 strophis
1199 4461 1384 4525 subditiciis
1428 4534 1429 4543 ἶ
