2884 5184
267 416 307 476 16
595 425 779 485 omissos
802 424 1066 472 snxnsnnos.

395 590 511 660 διττοίκι
530 592 620 659 τόσσα
640 598 786 679 φέροντας
805 591 902 679 ὑπὲρ
921 593 1054 671 κόλιός
1075 595 1196 657 τεκαὶ
1217 584 1347 656 αιἰτοῖν.
1411 614 1412 649 l

269 702 372 780 Saepe
395 703 439 760 sic
469 703 502 759 in
525 701 621 780 epicis
645 703 678 760 in
699 702 760 762 hac
782 702 914 760 formula
935 692 1043 776 αὐτὸν,
1070 689 1180 770 coceio
1201 698 1239 757 de
1259 699 1331 776 ipsis
1350 698 1382 755 in·

268 803 359 876 colis,
383 803 566 881 praesertim
587 802 627 861 de
648 804 724 862 viris
744 811 923 880 usurpatur,
946 803 1038 860 etism
1057 801 1109 861 ubi
1130 798 1215 859 alind
1234 818 1385 877 pronomen

269 912 447 983 exspectes,
472 913 506 963 ut
527 904 557 962 h.
580 904 601 961 l.
629 897 716 981 ἡμῶν
738 894 846 967 αὐτῶν.
889 901 1154 981 Simplicissimmn
1178 911 1240 973 est,
1267 910 1301 959 nt
1323 899 1384 974 legi·

267 1016 317 1065 tur
340 1001 379 1077 8,
403 1000 474 1061 211.

397 1094 554 1183 Εὐρύπυλ’
576 1088 656 1182 ἦττον
677 1101 751 1180 ἔφης
772 1104 903 1162 Δαναῶν
922 1099 992 1173 νέας
1010 1091 1076 1179 ἠδὲ
1094 1099 1158 1161 καί
1178 1090 1319 1170 αὐτοὺς

399 1200 535 1289 δῃώσειν.

271 1309 353 1391 qnod
373 1310 459 1368 nulla
482 1307 689 1387 explicatione
713 1314 794 1382 eget.
817 1303 891 1363 Sed.
910 1302 946 1377 9,
969 1302 1020 1364 89.

397 1399 433 1470 οὗ
453 1398 513 1488 γὰρ
528 1400 734 1486 Ἀλεξάνδροιο
754 1402 834 1465 τέλει
853 1401 920 1483 πέρι
940 1407 1080 1481 μοῦνος
1103 1397 1213 1475 ἄεθλος

395 1500 463 1573 οὐδ’
482 1503 617 1587 Ἑλένης,
640 1496 708 1567 ἄλλ’
732 1504 792 1567 ἔστι
812 1502 879 1585 περί
898 1497 1017 1576 πτόλιός
1035 1525 1065 1564 τε
1087 1503 1150 1564 καί
1168 1495 1300 1564 αὐτῶν.

270 1628 332 1690 est,
367 1625 402 1674 ut
429 1616 462 1672 in
488 1614 593 1692 primo,
612 1611 681 1669 loco
710 1627 765 1687 pro
792 1598 880 1684 ἡμῶν
908 1594 1016 1665 αὐτῶν.
1066 1607 1127 1665 Pro
1157 1607 1269 1682 μοῦνος
1302 1603 1382 1662 melin

271 1710 424 1794 μούνου.
446 1715 526 1774 Ibid.
549 1734 579 1772 v.
606 1708 676 1768 119.
1172 1758 1174 1761 ,

624 1809 733 1890 κραδίη
753 1807 787 1869 δέ
807 1807 838 1868 οί
858 1806 890 1867 έν
911 1807 967 1867 δαῒ
983 1807 1097 1885 μᾶλλον

397 1908 545 1996 ὥρμαινον
564 1910 727 1972 πονέεσθαι
746 1902 822 1989 ὗκλρ
840 1906 948 1969 τεκέων
969 1930 999 1968 τε
1020 1905 1083 1968 καὶ
1101 1900 1225 1969 ,αὑτοῦ

269 2019 341 2078 vide
362 2039 402 2077 nc
424 2017 516 2077 fuerit
537 2011 604 2075 καλ
626 2005 750 2073 αὐτοῦ.
796 2011 849 2071 Sic
867 2031 990 2092 quoqne
1013 2009 1047 2083 9,
1071 2009 1143 2069 534.

728 2106 791 2191 ἅμα
809 2102 839 2173 δ’
858 2102 912 2191 ἠοῖ
929 2112 1017 2173 δαῖτα
1033 2109 1158 2172 πένοντο

396 2208 497 2291 αὐτοῖς
515 2206 567 2295 ἠδ’
587 2215 705 2277 ἵπποισι

270 2324 290 2381 1.
315 2344 342 2382 e.
368 2319 500 2392 έαοτοῖςς
523 2320 563 2380 cf.
584 2319 637 2393 11,
659 2316 732 2378 432.
776 2318 853 2379 Inde
874 2338 937 2377 non
955 2315 1061 2375 dubito
1084 2317 1119 2387 7,
1142 2313 1214 2372 510.
1237 2334 1308 2392 pro:

399 2413 440 2493 elic
457 2411 507 2501 ἆρ’
529 2410 711 2497 ἆμννόμενοι
730 2421 812 2495 νηοῖν
829 2411 904 2498 ὅπερ
925 2406 992 2496 ἠδέ
1015 2414 1078 2476 καὶ
1095 2405 1266 2494 ἆνδροόν,

399 2521 508 2599 μίμνον
529 2517 561 2580 έν
580 2512 691 2602 ὑσμίνη

272 2646 312 2684 ex
339 2623 480 2684 sollemni
506 2621 727 2682 consuetudins
752 2619 946 2679 scribendum
976 2640 1059 2679 osse:
1082 2607 1159 2696 ‘sicli
1184 2615 1248 2677 καλ
1276 2606 1380 2676 αὐτῶν.

272 2724 345 2784 Sed.
369 2722 407 2799 9,
431 2723 501 2783 140.
523 2723 604 2784 bene
626 2721 783 2782 sehabet.

774 2818 886 2906 ταὶσησι
904 2819 937 2882 δὲ
957 2825 1029 2900 γυῖα

399 2924 515 3007 ἔτρεμον
533 2915 726 3009 εὖχομένησιν
742 2914 818 3005 incip
834 2921 942 2984 τεκέων
959 2944 990 2983 τε
1006 2920 1072 2983 καὶ
1093 2912 1245 3003 ἆνδροῑν

396 3017 451 3106 ἠδὲ
471 3020 658 3106 κασιγνήτων

270 3129 414 3188 mulieres
440 3131 520 3187 enim
538 3130 695 3205 Trojenae
718 3130 874 3208 supplices
895 3128 981 3187 Deos
1002 3128 1131 3188 orabant
1146 3149 1202 3207 pro
1223 3128 1309 3198 filiis,
1327 3121 1378 3181 vill*

271 3238 302 3287 et
322 3227 484 3300 fratribus,
506 3230 558 3308 qui
574 3215 767 3307 pugnabant3
793 3229 836 3288 ibi
855 3225 906 3287 καί
925 3223 1023 3289 αὐτῶν
1043 3230 1120 3289 nihil
1141 3229 1225 3289 aliud
1247 3249 1312 3289 esse
1330 3241 1376 3303 pos·

271 3338 335 3401 set,
357 3348 463 3407 quam:
487 3349 541 3406 pro
564 3349 598 3388 se
619 3329 694 3407 ipsis
721 3330 861 3391 orabant.
879 3365 922 3376 —
943 3353 973 3389 v.
992 3329 1043 3389 79.
1066 3321 1123 3409 ἐγὼ
1144 3328 1183 3389 δέ
1200 3351 1253 3391 τοι.
1286 3326 1377 3388 Melius

272 3430 305 3486 ni
326 3429 432 3503 fallor,
453 3421 511 3506 ἐγώ
528 3425 569 3507 γέ
589 3450 643 3489 τοι.
664 3464 706 3473 -
736 3452 766 3490 v.
788 3430 857 3491 187.
879 3424 1037 3503 ὕστατος
1057 3424 1151 3504 innoc
1164 3453 1226 3519 pro
1248 3423 1377 3503 ὕστερος

272 3540 460 3609 occuparunt
473 3531 540 3609 jam
559 3530 800 3593 Rhodomannus
820 3546 852 3591 ot
872 3531 1024 3612 Spitzner.

271 3651 302 3690 v.
326 3629 397 3691 224.
693 3618 755 3693 εὖτ’
777 3620 919 3693 ἆλίαστον
939 3629 986 3692 inl
1006 3630 1098 3710 νέφεα
1120 3631 1266 3694 κτντέωσι

400 3720 583 3811 θηγόμεν’
608 3723 776 3811 ἀλλήλοισι,

269 3834 322 3894 nbi
349 3823 495 3912 θηγόμεν’
523 3856 579 3914 pro
609 3825 756 3912 γηθόμεν’
786 3856 826 3896 ex
853 3836 1069 3897 Rhodomenni
1093 3835 1282 3897 correctione
1308 3829 1377 3891 venii.

271 3936 323 4016 qui
345 3937 452 3995 vertit:
474 3936 555 3995 inter
577 3957 611 3995 se
634 3936 774 3997 collisae.
817 3936 882 3996 Sed
901 3940 1056 3998 nonsatis
1078 3939 1227 4015 intelligo.
1265 3934 1376 3994 Praestet

269 4035 321 4093 vel
343 4023 530 4114 τειρόμεν’
561 4036 613 4095 vel
640 4027 868 4114 κλησσόμεν’
898 4038 949 4096 vel
975 4038 1075 4097 simile
1102 4037 1185 4117 quid.
1229 4031 1375 4096 Lobeclio

270 4122 425 4211 θεινόμεν’
449 4136 591 4214 conjecit.
612 4171 654 4181 -
675 4159 705 4196 v.
728 4135 908 4197 298-300
936 4138 1054 4218 aliquid
1077 4137 1231 4198 excidisse
1251 4136 1375 4215 suspicor}

270 4231 302 4289 οί
318 4230 350 4292 δὲ
376 4236 457 4293 enim
478 4256 538 4314 quo
557 4238 723 4310 referatur,
745 4258 808 4298 non
829 4237 933 4297 hebet.
955 4272 997 4282 -
1014 4260 1045 4298 v.
1067 4237 1140 4299 306.
1242 4263 1258 4291 .-

637 4333 742 4408 μέλλεν
761 4333 794 4395 δὲ
811 4335 891 4419 φίλῳ
912 4335 980 4416 περί
1000 4336 1087 4399 παιδὶ
1109 4336 1160 4398 καὶ
1182 4328 1269 4408 αὐτὸς

398 4434 518 4489 κεῖσθαι
537 4425 615 4506 ὁμῶς
634 4432 804 4509 κταμένοις,
827 4434 1066 4517 ἐναλίγκιον·
