2884 5184
437 482 772 532 sarsrsuuurus
1113 474 1173 533 255

42 654 236 734 supellectilis
255 656 411 716 muliebris
432 657 620 728 referuntur,
650 646 682 714 τδ
704 650 867 734 πολύτιμον
887 663 946 719 τῶν
967 652 1083 720 πόλεων
1099 683 1174 721 vero

42 758 128 815 multa
155 757 415 835 comprehendere
445 767 556 837 potest.
608 755 692 834 Quid
720 757 803 837 quod
833 759 872 818 de
900 761 1071 820 istiusmodi
1098 762 1175 821 deli-

43 860 89 916 ciis
108 859 163 917 vix
187 857 318 935 intelligi
340 879 431 937 posse
453 859 612 918 videatur!
657 858 738 918 Vide
765 879 836 918 num
857 860 966 920 fuerit:
995 851 1031 919 ού
1058 866 1174 923 πολυ-

42 960 151 1017 τελῶν
171 959 295 1018 λίθων
314 949 347 1017 τδ
367 952 538 1036 πολύτιμον.
581 958 722 1019 Tandem
745 962 776 1019 in
791 963 909 1022 verbis:
934 959 984 1022 καί
998 966 1042 1039 πῆ
1057 960 1111 1039 μέν
1125 968 1176 1042 της

42 1047 203 1136 άμπεχόνης
224 1052 327 1138 άκροις
346 1052 502 1131 δακτύλοις
522 1056 709 1137 ἐφαπτομένη
731 1063 790 1120 τῶν
812 1066 961 1141 κροσσῶν,
984 1067 1027 1142 πῆ
1045 1062 1077 1125 δέ
1096 1086 1176 1145 περι-

42 1158 203 1237 στρέφονσα
222 1163 276 1220 τού
297 1160 403 1233 ζωνίου
424 1154 456 1221 τὸ
478 1152 588 1240 άκρον,
619 1159 721 1220 ἐστιν
740 1158 778 1221 δέ
800 1160 863 1222 καί
889 1158 1037 1241 τούδαφος
1057 1187 1174 1246 περιχα-

42 1253 183 1338 ράττονσα
210 1264 251 1343 τῷ
274 1261 346 1320 ποδί
368 1262 439 1341 lege
470 1260 548 1321 ἔστι
576 1252 606 1321 δ’
634 1254 692 1321 ὅτε
721 1259 785 1323 καί
812 1255 960 1340 τούδαφος
988 1288 1016 1325 κ.
1040 1289 1066 1326 τ.
1088 1270 1113 1328 λ.
1132 1303 1175 1311 -

42 1363 95 1440 Ep.
115 1360 167 1421 22.
192 1362 227 1421 τί
247 1360 285 1422 δέ
301 1385 335 1423 τι
364 1358 458 1443 πρὸς
478 1366 580 1423 θεῶν
603 1356 745 1441 νεῶτερόν
766 1386 793 1423 τι
810 1363 1009 1445 συμβέβηκεν,
1036 1390 1090 1448 pro
1114 1391 1173 1452 quo

42 1464 181 1524 Pauwius
207 1466 305 1524 voluit
333 1464 361 1524 τί
382 1462 429 1538 δέ;
458 1456 478 1541 ἢ
502 1456 576 1543 πρὸς
603 1467 684 1524 θεῶν
712 1487 740 1524 κ.
762 1487 786 1523 τ.
814 1469 856 1542 λς
886 1466 1076 1529 Abreschius
1100 1483 1180 1530 vero

43 1565 67 1623 τί
84 1564 130 1636 δές
152 1565 182 1625 τί
196 1557 270 1645 πρὸς
285 1568 380 1638 θεῶν;
403 1558 544 1645 υεῶτερόν
557 1589 585 1625 τι
603 1564 802 1645 συμβέβηκεν,
827 1567 909 1647 quod
924 1579 1049 1650 propter
1064 1575 1174 1632 oratio·

44 1688 106 1727 nem
127 1669 329 1748 interruptam
353 1688 415 1726 non
435 1667 560 1746 placere
586 1676 701 1746 potest3
729 1667 886 1728 lenissima
910 1673 1077 1732 mutatione
1101 1677 1174 1733 scri-

45 1768 170 1827 bendum
196 1769 289 1828 duco:
324 1758 411 1828 τίδ’
440 1764 536 1843 ἐστί,
573 1758 662 1845 πρὸς
687 1772 804 1842 tanim
837 1761 1021 1854 ἢνεῶιερόν
1051 1795 1079 1833 τι
1102 1792 1176 1852 συμ-

45 1865 170 1947 βέβηκεν.

123 1972 166 2031 Π.
190 1970 219 2030 2.
242 1963 327 2050 άχρις
347 1960 387 2029 άν
412 1967 483 2048 ἐμοῦ
511 1961 661 2043 δεσπόζειν
687 1969 854 2050 ἐθέλοις,
879 1975 1111 2054 βουληθείης
1140 1975 1180 2038 δέ

47 2070 147 2150 μέχρι
173 2062 328 2147 παντὸς,
356 2066 493 2151 ἐρωτικός
516 2089 562 2131 σοι
588 2072 742 2132 διατελέσω
763 2065 915 2152 θεράπων.
959 2078 1010 2135 Ex
1031 2079 1176 2139 hocloco

47 2173 107 2233 luce
127 2174 241 2233 clarius
267 2182 367 2253 patet,
395 2195 487 2255 quam
511 2175 602 2234 facile
623 2175 756 2246 librarii,
785 2184 900 2233 rectam
929 2177 1077 2255 loquendi
1106 2200 1176 2238 con·

48 2276 234 2336 suetudinem
252 2278 444 2354 ignorantes,
473 2276 577 2335 modos
599 2277 679 2337 inter
701 2296 735 2334 se
756 2282 873 2334 mutare
894 2278 1058 2355 potuerint.
1104 2279 1178 2340 Sine

47 2375 131 2436 dubio
153 2378 319 2457 scripserat
337 2379 552 2439 Aristaenetus
575 2374 723 2459 ἐθέλης,
753 2376 807 2435 sed
829 2386 976 2436 mutatum
1001 2386 1047 2436 est
1069 2378 1108 2436 ab
1130 2379 1177 2453 iis,

47 2481 93 2558 qui
108 2480 299 2560 exemplaria
312 2480 587 2554 transscribebant,
602 2488 728 2560 propter
742 2478 877 2537 vicinum
892 2477 1087 2558 βουληθείης,
1110 2500 1177 2539 cum

45 2602 100 2639 non
126 2582 337 2659 intelligerent
362 2582 423 2641 alio
446 2582 534 2642 modo
564 2579 669 2664 ἐθέλης
695 2581 746 2639 hic
773 2600 842 2641 esse
865 2582 991 2654 dictum,
1021 2581 1081 2641 alio
1105 2602 1177 2642 vero

45 2682 226 2760 βουληθείης.
270 2683 352 2742 Nam
371 2683 449 2742 illud
470 2705 538 2743 cum
560 2675 642 2763 άχρις
659 2675 699 2741 άν
718 2684 912 2760 conjunctum
937 2692 999 2756 est,
1027 2682 1085 2742 hoc
1103 2704 1179 2743 vero

47 2794 87 2843 est
108 2785 258 2865 optantis,
280 2784 362 2865 quod
379 2785 474 2862 signis
493 2784 714 2864 parentheseos
729 2783 856 2857 additis,
880 2785 1000 2844 facilius
1019 2786 1110 2845 etiam
1125 2804 1178 2863 ap-

47 2886 176 2961 parebit:
199 2877 282 2964 άχρις
300 2874 339 2943 dv
359 2882 431 2961 ἐμοῦ
459 2878 611 2956 δεσπόζειν
632 2881 768 2968 ἐθέλης
790 2884 1038 2963 (βουληθείης
1059 2881 1097 2944 δὲ
1115 2885 1180 2962 μέ-

48 3007 100 3064 χρι
125 2974 294 3062 παντὸς),
317 2978 455 3064 ἐρωτικός
475 3002 521 3046 σοι
540 2982 694 3045 διατελέσω
714 2976 867 3064 θεράπων.
884 3018 926 3027 -
947 2985 1006 3063 Ep.
1023 2983 1053 3043 3.
1077 2984 1106 3042 τί
1126 2972 1181 3044 οὖν

48 3072 126 3159 ούτος
148 3085 236 3166 ἔγημε
253 3080 346 3165 κόρην
368 3086 419 3147 καὶ
440 3086 507 3145 λίαν
527 3078 732 3165 άκμάζουσαν,
752 3081 844 3163 μηδὲν
869 3077 1003 3161 δεόμενος
1023 3077 1184 3162 γυναικός;

48 3177 64 3264 ἢ
83 3187 135 3248 ἴνα
149 3209 200 3265 μοι
221 3190 279 3247 τῶν
296 3181 479 3267 πραγμάτων
496 3178 543 3266 μη
563 3167 742 3266 μεταδοίη
763 3182 814 3244 καί
829 3175 946 3265 νύκτωρ
963 3178 1182 3263 συνεπιζητησω

48 3280 109 3361 τούς
130 3284 255 3365 νόμονς;
276 3289 397 3349 Vocula
418 3282 460 3366 μή
482 3312 550 3350 cum
570 3291 715 3350 Meucero
735 3288 868 3348 delenda
891 3296 921 3347 et
941 3286 1085 3366 μεταδῶ
1107 3289 1179 3346 scri·

48 3390 186 3450 bendum.
209 3413 251 3434 -ε-
279 3393 340 3470 Ep.
362 3390 391 3449 5.
419 3392 457 3452 In
483 3393 602 3453 verbis:
631 3391 658 3451 εί
679 3380 721 3468 μὴ
748 3391 879 3461 τοιοῦτος
900 3374 939 3468 ἦν
957 3378 1117 3468 Ἀχιλλεύς,
1147 3379 1183 3450 δν

48 3488 160 3566 ἔμαθον
181 3488 215 3549 ἐκ
235 3492 294 3550 τῶν
322 3485 594 3568 οίκοπινάκων,
622 3483 678 3551 ούκ
697 3478 738 3570 ἦν
760 3486 820 3568 άρα
843 3483 936 3562 όντως
957 3486 1045 3561 καλός
1071 3513 1126 3570 pro
1149 3489 1182 3549 ἐκ

48 3594 102 3651 τῶν
124 3585 342 3668 οίκοπινάκων,
365 3614 445 3674 quae
464 3615 527 3653 vox
548 3593 637 3652 nihili
659 3601 719 3665 est,
742 3591 907 3668 legendum
929 3599 976 3650 est
995 3588 1028 3649 ἐκ
1048 3593 1107 3649 τῶν
1127 3590 1182 3649 οἴ-

49 3714 103 3753 κοι
124 3684 305 3752 πινάκων.
349 3693 430 3754 Ibid.
449 3693 513 3753 εἴθε
527 3685 689 3769 ποθήσειεν
703 3687 767 3766 ἐμὲ,
790 3687 841 3748 καὶ
857 3680 1069 3765 άντιφιλοῦντα
1091 3683 1181 3748 θεά-

49 3810 168 3872 σομαι.
211 3794 316 3873 lpsum
333 3786 496 3870 ποθήσειεν
517 3794 601 3854 ducit
620 3792 660 3853 ad
685 3790 915 3868 θεασαίμην,
933 3791 1020 3880 ¹quod
1042 3793 1183 3870 scriptori

49 3894 235 3954 reddendum
256 3904 312 3954 est.
355 3894 469 3955 Postea
490 3899 523 3955 in
545 3896 647 3956 verbis
663 3893 896 3972 corruptissimis
914 3900 944 3951 et
964 3913 982 3951 a
1000 3892 1102 3950 multis
1118 3892 1184 3968 jam

51 3997 185 4056 tentatis:
208 3986 310 4056 πυκνά
330 3994 514 4073 παλλομένης
529 3989 696 4073 ἐφάπτομαι
717 3997 769 4073 τῆς
788 3993 912 4071 καρδίας
931 3989 983 4050 καὶ
1004 3991 1106 4062 δεινῶς
1126 3988 1184 4049 ἐκ·
1216 4013 1225 4033 2

51 4097 184 4177 ιιηδρῖν,
214 4094 265 4155 καλ
286 4097 476 4175 φθεγγεσθαί
499 4119 551 4174 μοι
570 4088 687 4157 δοκδιν
714 4089 767 4155 εἷε
794 4095 899 4153 forsan
921 4093 1114 4153 scribendum
1138 4100 1185 4151 est

52 4196 97 4255 καί
120 4197 223 4269 δεινῶς
244 4195 389 4280 ἐκπηδᾷ
415 4196 466 4257 καλ
489 4196 678 4276 φθέγγεσθαί
704 4217 755 4273 μοι
779 4184 846 4255 ούκ
871 4185 915 4253 άν
936 4192 1001 4270 εἴη.
1045 4194 1082 4251 Ιιι
1104 4194 1183 4270 ejus·

53 4296 116 4356 dem
138 4299 288 4377 epistolae
311 4299 371 4359 fine
393 4320 466 4379 pro:
500 4299 564 4358 είθε
585 4295 635 4356 καί
658 4290 700 4359 δι’
725 4295 837 4357 ἑαυτῶν
863 4288 922 4373 ἤδη
947 4292 997 4353 καί
1022 4285 1064 4371 μὴ
1085 4287 1186 4370 μόνων

53 4400 107 4457 τῶν
126 4390 296 4475 ὀφθαλμῶν
316 4391 392 4459 άλλά
413 4399 464 4459 καί
486 4389 527 4459 δι’
551 4389 630 4459 όλων
649 4389 928 4472 άπολαύσωμαι
948 4398 1018 4454 τῶν
1038 4383 1186 4470 άσωμά-

53 4519 119 4556 των
140 4500 334 4561 scribendum
353 4512 400 4561 est
418 4491 712 4577 ἀπολαύσαιμεν
736 4501 808 4558 τῶν
830 4492 1015 4574 σωμάτων.
1052 4495 1115 4554 Sed
1128 4496 1187 4555 hoc
