2884 5184
394 472 506 522 APUD
528 471 813 520 uncinuumu.

195 650 390 710 kaiuetnban

196 753 354 831 tnoinpiee

197 854 360 914 inallauta

197 975 351 1035 uenepun

196 1076 294 1120 nanu.

47 1176 71 1233 h.
95 1196 121 1235 e.
148 1196 199 1235 ναι
226 1196 260 1234 το
284 1193 355 1234 αοτο
384 1175 413 1247 εξ
440 1194 567 1255 ειιατεροι
594 1188 715 1250 φυσεαν
742 1195 793 1250 της
816 1196 846 1234 τε
874 1179 1030 1237 αθανατοο
1055 1194 1105 1237 σαι
1124 1199 1175 1256 της

49 1280 151 1353 θνήτης
170 1298 245 1354 μιαν
265 1295 356 1335 εποιει
377 1275 441 1356 (ubi
463 1286 494 1337 tt
517 1297 572 1355 pro
595 1297 618 1336 π
639 1277 772 1358 positum
795 1276 854 1354 est)
877 1292 970 1353 φυσιν
990 1300 1025 1337 ov
1046 1299 1099 1339 τον
1120 1304 1173 1341 αν-

47 1382 161 1455 nomon
178 1398 232 1438 τον
251 1400 323 1439 ντον
343 1397 386 1457 πη
407 1378 473 1457 (ubi
489 1380 513 1439 it
528 1399 583 1458 pro
597 1398 620 1436 π
634 1380 768 1459 positum
784 1377 843 1457 est)
865 1401 924 1456 μνν
941 1382 1097 1439 αθανατον
1115 1425 1136 1438 ..
1149 1423 1173 1439 ..

47 1500 108 1539 τονο
133 1495 270 1556 τονιησας
298 1501 357 1540 uuo
384 1500 489 1540 τουτον
515 1498 615 1559 φερων
642 1478 673 1557 (ο
700 1500 755 1558 pro
778 1479 965 1559 dopositum)
995 1499 1028 1539 εν
1048 1515 1091 1524 -
1107 1483 1174 1560 jam

48 1602 118 1661 quoe
141 1590 311 1663 sequuntur
331 1590 525 1640 nuncnutuo
546 1580 632 1640 nullo
654 1581 744 1641 modo
776 1581 883 1660 legere
912 1603 1037 1661 possum
1059 1619 1101 1628 —
1123 1605 1175 1645 και

49 1684 215 1763 μεταβλητης
243 1682 336 1760 ιδρισε
362 1703 414 1742 ινα
439 1700 536 1741 παντα
558 1702 611 1758 μεν
632 1701 708 1760 εροον
725 1702 823 1742 παντα
843 1686 993 1762 θαυμαζη.
1038 1686 1173 1746 Excide-

48 1795 107 1845 runt
133 1787 237 1846 inhio
266 1805 322 1845 eae
345 1783 486 1845 Graecae
516 1804 626 1858 voces,
658 1803 739 1865 quoe
764 1792 834 1862 post
858 1773 1017 1846 ἆθοὶνατον
1045 1798 1077 1847 et
1103 1797 1175 1847 anto

51 1877 179 1965 (θνήμὸν
205 1878 331 1964 ποιήσας
366 1885 558 1964 legebantur.
624 1884 705 1944 Nam
727 1905 798 1945 τονο
826 1902 965 1964 τοοιησας
991 1889 1058 1948 eine
1084 1887 1176 1949 dubio

49 1995 251 2066 repraesentat
339 1976 392 2046 τὸν
411 1979 549 2063 ποιήσας.
592 1985 786 2048 Exciderunt
806 1996 970 2068 praeterea
988 2000 1058 2070 post
1077 1988 1178 2071 φέρων

53 2085 191 2150 invoces
217 2084 297 2171 μέσῳ
321 2107 420 2168 usque
448 2087 488 2146 ad
515 2087 710 2166 μεταβλητῆς,
738 2090 797 2148 nisi
823 2090 905 2170 quod
930 2092 962 2150 in
982 2101 1176 2151 uuuouontuo

52 2210 112 2268 pars
133 2209 238 2250 eorum
257 2209 319 2248 non
340 2188 499 2249 intellecta
519 2186 606 2247 lutet.
649 2190 701 2249 Ex
723 2190 761 2248 iie
783 2209 863 2268 quoe
885 2200 1009 2251 servata
1032 2201 1117 2265 eunt,
1144 2193 1177 2251 in

53 2291 195 2351 nonnullis
216 2290 373 2351 Laetantii
400 2299 504 2350 textus
530 2299 674 2369 receptus
702 2288 866 2349 mutandus
896 2299 952 2350 eet.
996 2290 1177 2368 Legendum

24 2457 25 2462 .
53 2393 121 2454 enim
147 2400 196 2453 est
222 2386 252 2465 ἒξ
281 2388 426 2472 ἑκατέρων
454 2412 510 2472 pro
537 2387 567 2465 έξ
597 2380 788 2470 ἇμφοτέροινε
826 2400 890 2450 tum
919 2381 1013 2465 φύσιν
1041 2380 1097 2467 τήν
1126 2394 1179 2451 τοῦ

54 2486 221 2576 ἇνθροὶπον,
251 2494 304 2555 ubi
331 2492 448 2571 duplex
476 2493 623 2553 articulus
646 2492 740 2571 vulgo
767 2493 848 2554 mule
871 2492 975 2553 deest:
1004 2501 1069 2552 tum
1087 2513 1177 2572 prue-

25 2671 27 2676 ‚
53 2605 126 2657 terea
147 2596 327 2675 μεταβλρτῆς
348 2616 415 2655 eum
437 2595 618 2656 collectione
637 2603 744 2654 nostra
764 2594 1003 2675 fragmentorum
1023 2596 1177 2655 Hermoti-

55 2719 160 2772 oorum,
191 2706 221 2758 et
242 2694 363 2776 ἵδρυσεν
389 2718 444 2777 pro
465 2687 660 2774 κατεστήσατο
688 2716 757 2755 oum
779 2697 914 2776 editione
934 2697 973 2756 A.
1017 2696 1123 2779 Atque
1146 2697 1180 2756 in

54 2799 105 2861 fine
122 2798 174 2859 ἵνα
193 2788 292 2859 πάντα
312 2793 366 2876 μέν
388 2786 469 2878 ὁρῶν
489 2790 587 2857 πάντα
608 2787 762 2880 θαυμάζῃ.

388 3002 460 3061 Lnn.
479 2999 551 3059 VH.
581 3016 652 3059 ono.
676 2998 725 3059 13.
749 2997 781 3075 §-
803 2998 833 3057 5.

132 3159 253 3231 „Politen
280 3157 392 3230 quidam
414 3156 551 3213 consuluit
570 3154 724 3226 Apollinem
745 3151 897 3222 Milesium,
922 3156 1050 3207 utrumne
1074 3159 1186 3207 maneat

59 3263 138 3317 ονιίπο
151 3265 218 3334 post
232 3265 361 3330 mortem,
382 3275 420 3313 an
440 3257 595 3313 resolvatur
611 3254 790 3322 (dissolvatur
807 3249 873 3311 eod.
892 3246 999 3328 Reg.);
1020 3258 1047 3308 et
1062 3267 1178 3326 respen-

59 3361 91 3415 dil
107 3363 148 3418 έιὶθ
167 3360 306 3419 versibus:

103 3489 107 3494 ’
212 3464 296 3551 ψυχή
316 3470 371 3549 μὲν
390 3469 473 3554 μέχρι
491 3457 528 3533 οὗ
551 3470 667 3549 δεσμοῖς
687 3462 762 3550 πρὸς
786 3475 871 3549 σῶμα
891 3473 1057 3552 κρατεῖται,

214 3566 338 3653 φθαρτὰ
359 3574 471 3633 νοοῦσα
494 3564 582 3649 πάθη
599 3574 728 3648 θνηταῖς
749 3560 912 3649 ἀλγηδόσιν
933 3568 1020 3627 εἴκει·

213 3665 304 3753 ήνίκα
321 3662 468 3733 eludium
482 3668 612 3751 βροτέων
629 3659 701 3747 μετὰ
714 3666 805 3744 σῶμα
821 3664 977 3746 μαρανθὲν

215 3765 344 3851 ὦνέστην
364 3766 499 3853 εὕρηται,
523 3768 553 3844 ές
573 3765 682 3848 αέθέρα
701 3769 785 3827 πᾶσα
806 3770 956 3846 φορεῖται,
1057 3821 1061 3832 ,

182 3851 189 3864 .
215 3871 280 3936 αἰέν
301 3865 431 3955 ἀγήραος
453 3860 542 3949 οὖσα,
564 3867 644 3948 μένει
666 3856 741 3939 δἐἰς
761 3859 887 3944 πάμπαν
909 3856 1035 3945 ἀτειρής.

213 3968 401 4056 πρατόγονος
423 3965 482 4054 γὰρ
502 3976 588 4035 τοῦτο
607 3972 681 4031 θεοῦ
703 3964 814 4043 διέταξε
834 3958 969 4045 πρόνοια.

135 4097 221 4155 Inter
244 4094 369 4171 oracula
397 4101 505 4152 vetera
531 4092 649 4168 recepit
673 4090 730 4149 hos
757 4106 865 4148 versuo
895 4084 1078 4163 Opoopaeue
1104 4082 1126 4140 l.
1159 4102 1185 4139 o.

66 4192 111 4270 (nd
126 4197 160 4270 4,
190 4194 245 4268 13,
277 4194 338 4273 11).
383 4195 450 4271 Hae
477 4195 509 4251 in
529 4192 618 4252 editio
635 4191 737 4269 reperi
758 4189 925 4269 varietates
934 4207 945 4251 z,
970 4179 1069 4261 μέχρις
1088 4166 1125 4241 οὗ
1145 4181 1185 4253 Α,
1283 4258 1286 4263 ¹

66 4294 100 4368 B,
120 4297 152 4357 0.
179 4289 270 4373 ἡνίκα
290 4284 320 4353 d’
345 4284 490 4354 ἆνᾶλνσιν
510 4292 552 4364 Β,
572 4289 611 4362 0,
632 4292 673 4349 D.
698 4289 814 4368 Opeop.
837 4278 877 4363 ήν
898 4283 930 4345 δέ
948 4274 1035 4344 duat.
1061 4283 1099 4341 A.
1119 4282 1186 4361 βρο-

68 4414 151 4456 τεινοο
170 4398 209 4457 Α.
232 4391 356 4475 βροτέην
376 4394 419 4466 Β,
447 4391 489 4464 0,
508 4393 548 4450 D.
572 4389 687 4470 Opeop.
706 4392 770 4470 θεῷ
791 4385 910 4462 διέταξε.
938 4387 1054 4466 Opsop.
1098 4385 1187 4444 Haeo

68 4514 130 4557 vero
149 4498 260 4559 oodiois
284 4506 332 4557 eut
351 4494 518 4574 scriptura:
567 4525 570 4530 <
