2884 5184
376 460 565 522 Qnrnrns
587 459 854 510 snrnnnnno.
1141 449 1182 508 45

30 639 62 698 rit
76 627 251 715 δρόμος,
269 656 335 695 non
348 635 451 696 video.
479 637 600 696 Forsan
613 645 666 696 ant
687 626 821 715 θρόος,
839 644 907 709 ant,
927 633 1011 716 qnod
1023 633 1181 695 Lobookio

30 759 90 799 noo
113 737 248 817 placet,
281 728 439 816 βρόμος,
464 738 619 799 rostitnas.
639 772 682 782 -
709 759 740 798 v.
763 732 835 795 383.
865 756 921 818 pro
946 723 1021 796 ὖπδ
1042 726 1184 812 σμήνεσσι

30 841 138 898 rectius
158 837 302 899 videtur
322 833 382 896 ἐπὶ
400 829 550 917 σμήνεσσι.

30 961 54 998 ν.
75 939 152 999 404.
199 932 292 1017 άμφλ
314 935 347 998 δὲ
367 929 531 1017 μηλονάμοι
550 959 582 998 τε
603 935 654 998 καλ
674 929 752 997 ἄλλ’
777 928 845 999 ὅσα
863 928 961 998 πάντα
979 935 1129 1016 σέβονται.

30 1040 87 1099 Vix
109 1041 173 1099 hoo
199 1038 366 1101 Graecum
388 1039 515 1101 dixeris.
559 1041 694 1100 Tentavi
716 1035 769 1099 καλ
790 1031 899 1100 άλσεα
919 1030 1024 1098 πάντα.

527 1244 697 1304 Lua'XII.

30 1396 57 1433 v.
82 1375 155 1436 145.
179 1378 299 1459 Epona
320 1381 353 1438 in
374 1400 453 1460 equo
471 1381 608 1457 Trojano
628 1387 663 1439 ut
683 1378 785 1437 omnia
804 1376 920 1436 affabra
941 1375 1029 1449 facit,
1052 1377 1110 1435 ita:

195 1472 301 1540 οάατα
324 1468 365 1556 δ’,
386 1469 565 1558 ὀφθαλμούς
585 1499 616 1539 τε
633 1477 772 1555 διειδέας,
795 1470 871 1538 άλλα
890 1496 920 1536 τε
938 1469 1052 1554 πάντα,

200 1573 251 1652 οἷς
274 1577 496 1641 ε’πικίννται
518 1579 616 1651 ἵππος.

31 1677 133 1738 Etiam
149 1680 418 1743 Rhodomannna:
442 1690 494 1758 „et
509 1691 612 1742 cetera
626 1690 750 1754 cuncta,
770 1679 880 1762 quibus
897 1699 994 1760 equus
1010 1684 1181 1739 movetur.“

35 1777 95 1837 Sed
114 1802 180 1841 non
196 1782 313 1857 video,
334 1785 408 1865 quid
425 1784 484 1844 hoo
500 1784 675 1863 significare
691 1784 797 1864 possit.
834 1781 916 1841 Num
935 1781 1043 1860 capitia
1063 1782 1181 1842 aurium

38 1888 91 1939 eto.
120 1904 182 1964 ope
213 1905 319 1966 equus
345 1886 509 1947 movetur?
541 1886 627 1964 Lego
656 1877 700 1958 οἷς
726 1881 973 1945 ἕπικαλννται
997 1881 1087 1955 λ’ππος
1108 1885 1128 1943 i.
1153 1905 1180 1945 0.

38 1975 239 2046 ἕκιιιέκασται.

520 2106 591 2165 Lrn.
613 2104 705 2165 XHI.

42 2268 70 2308 v.
92 2250 162 2312 145.
205 2248 282 2316 οὐδὲ
302 2252 357 2334 μὲν
370 2248 548 2338 Ἀργείοισιν
570 2248 777 2332 άνοάτητος
795 2254 882 2317 πέλε
904 2257 996 2341 δῆρις.

41 2337 210 2432 Ἀνοάτητος
229 2368 281 2418 eat
302 2379 343 2419 ox
363 2358 579 2418 Rhodomanni
601 2357 788 2434 conjectura.
831 2357 1023 2420 Adverbinm
1044 2351 1182 2441 άνοντητλ

49 2447 170 2515 Graecis
199 2469 311 2521 notnm
338 2470 402 2534 aot,
433 2468 467 2520 nt
492 2459 597 2539 Quint.
626 2458 748 2537 Smyrn.
776 2457 811 2533 3,
838 2461 910 2520 445.
959 2463 1063 2543 Atque
1089 2465 1181 2543 longa

47 2554 157 2614 vocalia
172 2561 272 2622 otiam
285 2562 318 2621 in
332 2563 399 2641 ipso
415 2562 510 2624 verbo
525 2583 746 2645 nonnunquam
762 2564 929 2643 reperitur3
947 2554 1062 2642 οάτήσοι
1078 2565 1180 2626 Nonn.

50 2647 120 2724 446,
139 2653 190 2716 36.
215 2662 297 2737 556,
320 2662 371 2722 36.
400 2653 537 2743 οάτήθην
556 2663 635 2739 432,
657 2665 686 2723 7.
716 2656 827 2742 οάτησα
849 2663 925 2740 662,
950 2667 998 2725 11.
1022 2664 1072 2726 21.
1118 2667 1182 2728 Sed

52 2769 112 2811 oum
129 2766 219 2818 vatus
243 2764 336 2824 lectio
355 2766 415 2841 hoo
426 2766 495 2825 loco
509 2767 549 2826 sit
572 2754 799 2840 άνοάτατος,
823 2787 883 2846 quo
901 2767 1054 2846 adjectivo
1070 2768 1183 2829 Noster

50 2850 107 2925 j81n
126 2876 199 2919 uana
224 2874 292 2922 erat
315 2863 349 2938 3,
378 2866 463 2940 175.‚
490 2866 642 2947 praeferri
660 2866 766 2926 forsan
785 2877 918 2928 moratur
939 2869 1038 2929 altera
1056 2869 1180 2928 Rhodo·

53 2958 146 3016 manni
164 2965 359 3041 conjectura:
382 2957 592 3039 ἀνούτατος
609 2964 736 3026 ἔπλετο
758 2965 851 3043 δῆρις.

55 3071 80 3110 v.
99 3054 168 3119 278.
206 3062 262 3123 καλ
285 3056 344 3143 γάρ
365 3085 419 3142 μεο
440 3057 542 3149 πατέρ’
565 3057 675 3127 ἐσθλὸν
696 3058 828 3147 ἐνήρατο·
843 3062 960 3144 Πηλέος
979 3060 1044 3142 υἱὸς

214 3158 302 3247 Θήβῃ
323 3159 373 3225 ἔνιΙ
389 3165 498 3249 ζαθάῃ,
526 3166 618 3250 Τροίῃ
637 3158 666 3226 δ’
690 3163 736 3228 ἐνὶ
756 3166 900 3246 φαίδιμον
920 3162 1030 3252 ἄνδρα,

211 3259 246 3337 ὅς
267 3285 317 3342 μοι
338 3263 391 3343 ἔην
411 3258 491 3342 μάλα
510 3259 621 3346 πολλά,
642 3260 680 3328 τά
700 3258 729 3329 τ’
752 3267 850 3332 ἔλδετο
870 3261 968 3352 θνμδς
989 3270 1082 3352 ἐμεῖο·
1128 3258 1131 3261 ’

209 3365 265 3426 καί
282 3388 333 3444 μοι
355 3357 479 3427 κάλλιπε
497 3359 610 3429 τυτθὸν
628 3367 668 3430 ἒν
687 3363 888 3452 ἡμετέροις
906 3371 949 3437 ἔτι
969 3376 1080 3452 παῖδα,

213 3454 239 3549 ᾧ
260 3465 308 3530 ἔτι
332 3460 517 3530 κυδιάασκον
537 3460 694 3552 άπελριτον.

60 3555 135 3638 Lege
157 3587 249 3630 varo:
820 3610 823 3617 ·

210 3669 265 3730 καί
279 3691 329 3749 μοι
351 3663 474 3733 κάλλιπε
492 3665 604 3732 τυτθὸν
625 3668 680 3730 ἕνλ
699 3668 880 3754 μεγάροις
901 3672 943 3734 ἔτι
959 3675 1062 3734 παῖδα.

60 3755 138 3823 Haeo
164 3773 244 3832 onim
266 3773 425 3853 productio
443 3774 580 3852 legitima
603 3780 649 3832 est
670 3773 703 3830 in
721 3771 851 3851 Quinto,
879 3774 1021 3851 neglecta
1038 3773 1093 3832 illa
1115 3775 1179 3854 qni·

63 3854 121 3921 41111
141 3869 178 3928 ab
200 3873 394 3947 Hermanno,
414 3874 471 3934 aod
488 3893 508 3932 a
529 3873 691 3953 Spitznoro
708 3874 775 3950 jam
790 3873 829 3934 do
849 3894 929 3934 vora.
966 3872 1096 3934 Graeco.
1113 3874 1179 3933 har.

62 3976 88 4034 P·
106 3965 161 4060 ⁴⁵5
181 3983 215 4034 nt
237 3974 404 4058 Homerioa
428 3973 564 4035 indicata
586 3984 617 4035 nt
639 3975 816 4034 confirmata
837 3972 945 4052 Quinti
967 3993 1089 4055 quoquo
1110 3975 1184 4034 loco

66 4054 193 4133 111438.
231 4073 349 4152 ouibus
367 4074 483 4135 aanor
497 4077 612 4155 poteris
627 4073 657 4148 ε,
678 4073 729 4135 73.
755 4074 824 4135 ror.
850 4073 897 4148 13,
920 4074 992 4134 357.
1018 4073 1065 4148 ιι,
1082 4072 1154 4134 323.

65 4174 91 4215 V·
105 4160 170 4228 323.
202 4163 340 4255 ἕκρέματ’
364 4172 561 4253 ἐμπεφνῶς
582 4164 725 4246 άπαλδς
745 4166 824 4247 πάϊς.

66 4252 143 4325 Patet
163 4275 350 4345 exarandum
369 4296 438 4337 oasa
460 4266 631 4353 ἕμπεφνάς,
648 4284 683 4336 ut
703 4275 806 4335 loonm
821 4277 886 4353 jam
908 4277 1014 4336 citavit
1036 4276 1180 4356 Spitznor

66 4353 147 4425 Mant.
163 4393 192 4451 p.
209 4374 297 4449 267..
317 4376 398 4437 bana
414 4365 549 4450 άταλὸς
561 4397 617 4456 pro
634 4365 748 4448 άπαλδς
766 4376 932 4452 corrigens.
947 4409 990 4422 —
1007 4378 1100 4437 Dav.
1117 4376 1179 4436 464

69 4458 224 4535 1διλδοολ.
245 4478 286 4538 ad
306 4473 341 4551 8,
364 4476 436 4538 331.
