2884 5184
277 427 336 486 tto
608 436 805 484 onacuns
832 437 1076 487 srsrumus.

274 632 303 670 v.
331 609 399 670 156.
423 630 469 689 sq.
494 607 615 684 θλίψεις
637 598 668 667 δ’
691 599 880 689 ἀνθρώπων,
903 610 1000 689 λοιμοὶ
1026 611 1089 672 καλ
1115 611 1211 690 λιμοὶ,
1239 609 1373 691 πόλεμοί
1395 638 1405 672 r

495 714 609 788 καιρῶν
629 701 842 789 diuam,
864 705 1037 789 κένθημό
1057 734 1108 785 τε,
1130 706 1250 793 δάκρυα
1269 709 1382 775 πολλοί.

274 813 375 873 Priori
405 832 497 871 versu
531 808 583 870 καλ
610 811 787 884 delendum,
817 814 980 891 posteriori
1010 804 1190 891 πενθήματα
1220 816 1404 876 scribendus

274 917 406 974 videtur.
451 914 595 974 Getarum
615 933 677 971 vox
698 902 824 990 ἆλλαγίη
851 914 980 974 formata
1009 925 1071 987 est,
1099 925 1133 974 nt
1163 917 1313 993 μηχανίη,
1345 940 1405 992 φαρ

275 1015 375 1094 νεοίη·
1312 1028 1318 1037 ·

275 1139 305 1176 v.
330 1114 399 1176 162.
443 1105 580 1191 ὑστατίης
599 1114 700 1192 γενεῆς
721 1116 815 1189 φῶτες
838 1114 1071 1196 κακοέργεες,
1096 1116 1183 1176 αἰνοί.

275 1220 382 1278 Scribe
405 1214 589 1295 κακοεργέες,
617 1225 651 1273 ut
672 1215 764 1274 ctiam
785 1237 804 1273 a
826 1216 968 1277 Fabricio
998 1219 1109 1278 citatur
1137 1219 1217 1277 Bibl.
1244 1216 1367 1277 Graec.
1394 1219 1404 1275 l

275 1321 326 1380 30.
347 1342 378 1400 p.
403 1316 474 1378 247.
496 1317 584 1376 Harl.

274 1444 305 1480 v.
332 1420 400 1480 190.
445 1418 478 1478 αλ
498 1409 603 1478 ὁπόσαι
625 1415 714 1501 κείνφ
737 1414 780 1476 tvi
799 1410 888 1496 ἤματι
909 1422 1151 1499 φορτοφοροῦσαι

445 1516 563 1601 γαστέρι
584 1521 787 1597 φωραθῶσιν,
809 1510 876 1578 ὅσαι
896 1518 930 1579 δέ
953 1540 983 1578 τε
1002 1512 1095 1597 νήπιοι
1114 1519 1205 1581 τέκνα

448 1619 737 1703 γαλαδοτοῦσιν.

276 1725 457 1787 Γαλαδοτεῖν
486 1718 574 1781 τέκνα
601 1721 714 1780 dictum
748 1728 810 1792 est,
842 1730 876 1778 ut
906 1719 1111 1798 μισθοδοτεῖν,
1143 1722 1309 1781 σιτοδοτεῖν
1341 1743 1405 1780 τινα.

276 1827 366 1904 Quod
389 1825 486 1904 prima
513 1823 544 1879 in
571 1821 786 1900 γαλαδοτοῦσιν
813 1821 1004 1900 producitur,
1034 1823 1065 1880 id
1091 1823 1142 1880 vel
1169 1822 1315 1902 Sibyllae
1345 1843 1404 1881 con-

275 1925 449 1989 donandum
470 1922 602 1995 dixeris,
621 1922 747 2001 saepius
765 1924 863 1981 minus
887 1921 924 1980 dc
945 1922 1081 1999 legitima
1103 1923 1295 2001 syllabarum
1320 1944 1404 2004 qusn-

274 2031 362 2089 titate
385 2025 553 2097 sollicitae,
576 2034 610 2083 nt
632 2024 735 2083 statim
758 2043 849 2083 versu
871 2025 1026 2103 sequenti,
1049 2024 1101 2083 ubi
1123 2025 1260 2084 ultimam
1293 2028 1325 2083 in
1345 2015 1403 2100 ἡρέ-

276 2152 333 2209 ραν
358 2128 497 2206 corripit3
526 2127 578 2185 vel
610 2126 647 2185 iis
676 2124 801 2184 defendi
826 2127 952 2204 poterit,
983 2145 1062 2205 quae
1094 2125 1238 2204 Spitzner
1261 2148 1336 2204 pag.
1362 2125 1402 2182 tt.

276 2232 387 2291 attulit.
431 2227 482 2286 Ad
505 2228 654 2286 rationem
674 2226 902 2304 compositionis
923 2226 1005 2306 quod
1028 2227 1150 2298 attinet,
1178 2228 1324 2286 usitatius
1346 2227 1400 2307 qui·

277 2333 345 2392 dem
372 2333 467 2401 foret,
490 2323 724 2407 φαλακτοδοτέιο,
748 2328 813 2385 sive
840 2337 998 2406 poetarum
1024 2346 1111 2385 nsum
1138 2328 1165 2385 si
1198 2330 1289 2408 sequi
1325 2329 1400 2386 velis.

275 2427 467 2512 γλαγοδοτίω,
487 2432 578 2489 etiarn
599 2424 777 2508 γλακτοσοτέ
802 2471 808 2484 .
854 2427 916 2486 Sed
936 2428 1064 2487 ethaeo
1087 2429 1319 2506 compositionis
1334 2429 1400 2486 ratio

276 2532 373 2611 proba
391 2540 454 2603 est,
473 2531 559 2590 velut
584 2531 730 2609 plurima,
765 2549 865 2609 „quae
898 2549 917 2586 a
950 2529 1066 2586 neutris
1098 2525 1180 2604 μέλι,
1208 2521 1299 2607 δόρυ,
1327 2522 1398 2590 ἔστι,

276 2624 359 2710 γόνυ,
380 2629 469 2708 μέθυ,
490 2633 560 2709 πῦρ,
579 2633 644 2707 φῶς
666 2638 896 2709 componuntur,
917 2628 994 2687 nihil
1015 2638 1048 2686 ut
1071 2629 1200 2700 intersit,
1223 2630 1262 2687 ad
1285 2651 1396 2689 accuss-

276 2735 371 2792 tivum
394 2753 433 2791 an
455 2731 495 2790 ad
519 2732 647 2810 primam
668 2732 850 2810 positionem
874 2730 1080 2788 referantur.“
1124 2730 1250 2789 Lobeck
1277 2731 1316 2791 de
1340 2754 1395 2810 pro·

277 2834 357 2894 duct.
381 2832 492 2912 syllab.
515 2839 706 2891 commentat.
729 2831 770 2888 Il.
788 2850 818 2908 p.
842 2829 872 2887 5.
897 2830 1077 2890 -Accedunt
1097 2831 1253 2907 atijectiva.
1269 2835 1396 2910 γολοῦχος

277 2949 308 2996 et
332 2937 510 3015 γαλούργος,
533 2945 662 3014 atquae
683 2932 754 2989 hinc
777 2931 968 3005 derivantur,
991 2952 1071 3012 quac
1100 2953 1154 2990 cur
1180 2936 1394 2992 dextrinsccns

277 3037 478 3109 adsciverint,
502 3035 613 3095 ibidem
635 3031 823 3111 explicatum
843 3033 938 3109 leges.
982 3033 1063 3091 Nam
1084 3054 1161 3092 cave
1185 3033 1309 3106 credas,
1331 3035 1392 3092 baec

277 3159 295 3195 a
317 3139 452 3214 genitivo
474 3138 614 3216 profecta
636 3154 715 3192 esse.

276 3258 305 3294 v.
330 3236 400 3295 209.
424 3258 490 3316 sqq.
513 3226 548 3294 oti
571 3237 629 3305 ζῶα
652 3226 746 3310 νηκτὰ
763 3224 922 3293 θάλασσαν
939 3225 1014 3306 ὅλως
1031 3232 1073 3296 ἔτι
1095 3225 1281 3313 νηχήσονται,

507 3326 543 3393 od
565 3335 638 3403 ναῦς
659 3331 803 3410 έμφορτος
822 3331 868 3393 ss
889 3328 1000 3411 κύμασι
1020 3328 1234 3414 πουτοττορήσει

510 3424 546 3492 ori
566 3426 632 3511 βόες
654 3431 812 3513 ἰθυντῆρες
833 3423 1061 3513 ἄροτρεόσουσιν
1079 3429 1222 3515 ἄρουραν,

511 3526 566 3595 οὐκ
585 3519 654 3611 ἦχος
675 3533 807 3612 δενδρῶν
826 3524 945 3611 ἆνέμων
961 3528 1034 3594 ὕπο·
1057 3526 1124 3594 ἀλλ’
1148 3527 1209 3613 ἅμα
1229 3519 1331 3595 inimo.

511 3636 551 3708 εἰς
567 3636 603 3695 ἲν
621 3632 758 3713 χωνεόσει
779 3632 829 3693 καί
849 3634 890 3706 εἰς
908 3626 1045 3715 καθαρὸν
1066 3634 1243 3710 διαλέξει.

276 3730 456 3816 Διαλήξει
481 3739 554 3796 mihi
578 3737 743 3815 legendum
766 3735 901 3811 videtur3
931 3757 1029 3796 sermo
1056 3738 1134 3795 enim
1162 3746 1209 3795 est
1237 3737 1276 3795 de
1306 3731 1385 3794 mnndi

275 3840 498 3913 combustione;
521 3846 610 3896 notes
637 3857 712 3896 vero
743 3856 864 3915 quoquo
892 3830 1028 3913 χωνεόσει
1056 3838 1267 3909 intransitive,
1296 3847 1327 3894 ut
1346 3853 1383 3890 so·

275 3950 359 4012 cant,
380 3939 555 3999 adhibitum.
569 4015 574 4024 ⁶

274 4061 304 4097 v.
327 4039 398 4099 280.
422 4061 489 4119 sqq.
515 4035 566 4096 καί
586 4030 678 4095 πόλιν
698 4034 731 4094 οἱ
750 4025 805 4113 τὴν
824 4027 923 4113 σάρκα
943 4025 1121 4119 ἆσελγείῃ
1140 4029 1339 4112 μιαίνοντες

515 4126 565 4215 ἠδ’
586 4129 689 4198 ὁκόσοι
710 4126 808 4212 ζωνὴν
823 4127 879 4212 τὴν
899 4127 1088 4214 παρθενικὴν
1110 4127 1272 4211 ἀπέλυσαν,

516 4234 616 4315 λάθρη
637 4229 823 4315 μισγόμενοι,
844 4227 930 4294 ὅσσαι
952 4229 979 4294 δ’
1005 4233 1049 4294 tvl
1075 4234 1193 4315 γαστέρι
1215 4232 1361 4315 φόρτους

515 4330 745 4414 έκτριόσκουσιν,
767 4327 832 4397 ὅσοι
852 4323 988 4406 τοκετοός
1008 4334 1162 4412 ῥίπτουσιν
1183 4325 1324 4412 ἆθέσμως.

275 4432 486 4491 Oorrectiones
508 4437 621 4511 planae
646 4446 730 4508 sunt3
753 4436 914 4513 legebatur
940 4425 1060 4516 ἆσελγίη
1085 4427 1243 4511 μιήναντες
1266 4470 1302 4478 —-
1321 4432 1346 4493 οί
1358 4415 1377 4487 δ’
