<?xml version="1.0" encoding="UTF-8"?>
<!DOCTYPE html PUBLIC "-//W3C//DTD XHTML 1.0 Transitional//EN"
    "http://www.w3.org/TR/xhtml1/DTD/xhtml1-transitional.dtd">
<html xmlns="http://www.w3.org/1999/xhtml" xml:lang="en" lang="en">
 <head>
  <title>
</title>
<meta http-equiv="Content-Type" content="text/html;charset=utf-8" />
  <meta name='ocr-system' content='tesseract 3.04.00' />
  <meta name='ocr-capabilities' content='ocr_page ocr_carea ocr_par ocr_line ocrx_word'/>
</head>
<body>
  <div class='ocr_page' id='page_1' title='image "./caroliludovicis01strugoog_0108.png"; bbox 0 0 2884 5184; ppageno 0'>
   <div class='ocr_carea' id='block_1_1' title="bbox 599 411 1075 470">
    <p class='ocr_par' dir='ltr' id='par_1_1' title="bbox 599 411 1075 470">
     <span class='ocr_line' id='line_1_1' title="bbox 599 411 1075 470; baseline 0.004 -10"><span class='ocrx_word' id='word_1_1' title='bbox 599 411 786 470; x_wconf 73' lang='lat' dir='ltr'>QUINTUS</span> <span class='ocrx_word' id='word_1_2' title='bbox 807 411 1075 463; x_wconf 64' lang='lat' dir='ltr'><strong>sitiamus,</strong></span> 
     </span>
    </p>
   </div>
   <div class='ocr_carea' id='block_1_2' title="bbox 704 587 887 648">
    <p class='ocr_par' dir='ltr' id='par_1_2' title="bbox 704 587 887 648">
     <span class='ocr_line' id='line_1_2' title="bbox 704 587 887 648; baseline -0.005 -1"><span class='ocrx_word' id='word_1_3' title='bbox 704 587 776 647; x_wconf 78' lang='lat' dir='ltr'><strong>Lm.</strong></span> <span class='ocrx_word' id='word_1_4' title='bbox 798 587 887 648; x_wconf 85' lang='lat' dir='ltr'>XIV.</span> 
     </span>
    </p>
   </div>
   <div class='ocr_carea' id='block_1_3' title="bbox 228 731 1365 922">
    <p class='ocr_par' dir='ltr' id='par_1_3' title="bbox 228 731 1365 922">
     <span class='ocr_line' id='line_1_3' title="bbox 228 731 1364 819; baseline -0.003 -20"><span class='ocrx_word' id='word_1_5' title='bbox 228 738 267 799; x_wconf 82' lang='lat' dir='ltr'><strong>V.</strong></span> <span class='ocrx_word' id='word_1_6' title='bbox 288 736 337 796; x_wconf 88' lang='grc'><strong>16.</strong></span> <span class='ocrx_word' id='word_1_7' title='bbox 365 758 421 818; x_wconf 85' lang='lat' dir='ltr'><strong>pro</strong></span> <span class='ocrx_word' id='word_1_8' title='bbox 445 731 554 816; x_wconf 74' lang='grc' dir='ltr'><em>γλάγος</em></span> <span class='ocrx_word' id='word_1_9' title='bbox 576 731 916 816; x_wconf 81' lang='grc' dir='ltr'><em>περιμαιμωωντας</em></span> <span class='ocrx_word' id='word_1_10' title='bbox 933 747 1071 819; x_wconf 77' lang='lat' dir='ltr'>praestat</span> <span class='ocrx_word' id='word_1_11' title='bbox 1093 738 1214 799; x_wconf 82' lang='lat' dir='ltr'><strong>divisim</strong></span> <span class='ocrx_word' id='word_1_12' title='bbox 1228 738 1364 798; x_wconf 79' lang='lat' dir='ltr'><strong>scribere</strong></span> 
     </span>
     <span class='ocr_line' id='line_1_4' title="bbox 228 828 1365 922; baseline -0.002 -23"><span class='ocrx_word' id='word_1_13' title='bbox 228 831 338 918; x_wconf 74' lang='grc' dir='ltr'><em>γλάγος</em></span> <span class='ocrx_word' id='word_1_14' title='bbox 353 833 439 917; x_wconf 75' lang='grc' dir='ltr'><em>πέρι</em></span> <span class='ocrx_word' id='word_1_15' title='bbox 461 828 722 914; x_wconf 70' lang='grc' dir='ltr'><em>μαιμώωντας.</em></span> <span class='ocrx_word' id='word_1_16' title='bbox 738 874 777 882; x_wconf 89' lang='grc'><strong>-</strong></span> <span class='ocrx_word' id='word_1_17' title='bbox 795 861 825 898; x_wconf 87' lang='lat' dir='ltr'><strong>v.</strong></span> <span class='ocrx_word' id='word_1_18' title='bbox 840 839 890 900; x_wconf 91' lang='grc'><strong>64.</strong></span> <span class='ocrx_word' id='word_1_19' title='bbox 906 862 961 922; x_wconf 87' lang='lat' dir='ltr'><strong>pro</strong></span> <span class='ocrx_word' id='word_1_20' title='bbox 979 839 1117 917; x_wconf 79' lang='grc' dir='ltr'><strong><em>φανείη</em></strong></span> <span class='ocrx_word' id='word_1_21' title='bbox 1132 841 1203 917; x_wconf 83' lang='lat' dir='ltr'><strong>lege</strong></span> <span class='ocrx_word' id='word_1_22' title='bbox 1216 837 1365 920; x_wconf 53' lang='grc' dir='ltr'><em>φανείῃ,</em></span> 
     </span>
    </p>
   </div>
   <div class='ocr_carea' id='block_1_4' title="bbox 224 946 1421 4502">
    <p class='ocr_par' dir='ltr' id='par_1_4' title="bbox 228 946 1074 1039">
     <span class='ocr_line' id='line_1_5' title="bbox 228 946 1074 1039; baseline 0.004 -24"><span class='ocrx_word' id='word_1_23' title='bbox 228 978 259 1015; x_wconf 87' lang='lat' dir='ltr'><strong>v.</strong></span> <span class='ocrx_word' id='word_1_24' title='bbox 284 955 354 1014; x_wconf 87' lang='grc'><strong>199.</strong></span> <span class='ocrx_word' id='word_1_25' title='bbox 808 946 843 1030; x_wconf 70' lang='lat' dir='ltr'><strong>dc</strong></span> <span class='ocrx_word' id='word_1_26' title='bbox 863 954 930 1039; x_wconf 80' lang='grc' dir='ltr'><em>περί</em></span> <span class='ocrx_word' id='word_1_27' title='bbox 952 948 1074 1018; x_wconf 83' lang='grc' dir='ltr'><em>πάντων</em></span> 
     </span>
    </p>

    <p class='ocr_par' dir='ltr' id='par_1_5' title="bbox 227 1046 1366 1560">
     <span class='ocr_line' id='line_1_6' title="bbox 392 1046 778 1135; baseline 0.005 -20"><span class='ocrx_word' id='word_1_28' title='bbox 392 1046 555 1116; x_wconf 77' lang='grc' dir='ltr'><em>άθανάτων</em></span> <span class='ocrx_word' id='word_1_29' title='bbox 575 1052 685 1135; x_wconf 75' lang='grc' dir='ltr'><em>γένος</em></span> <span class='ocrx_word' id='word_1_30' title='bbox 703 1054 778 1133; x_wconf 76' lang='grc' dir='ltr'><em>ἔστί,</em></span> 
     </span>
     <span class='ocr_line' id='line_1_7' title="bbox 228 1148 1366 1238; baseline -0.002 -20"><span class='ocrx_word' id='word_1_31' title='bbox 228 1159 323 1218; x_wconf 78' lang='lat' dir='ltr'><strong>fuisse</strong></span> <span class='ocrx_word' id='word_1_32' title='bbox 348 1156 470 1217; x_wconf 83' lang='lat' dir='ltr'><strong>videtur</strong></span> <span class='ocrx_word' id='word_1_33' title='bbox 497 1155 608 1234; x_wconf 78' lang='grc' dir='ltr'><em>μένος</em></span> <span class='ocrx_word' id='word_1_34' title='bbox 632 1155 699 1217; x_wconf 76' lang='grc' dir='ltr'><em>ἔστί.</em></span> <span class='ocrx_word' id='word_1_35' title='bbox 721 1191 764 1203; x_wconf 90' lang='lat'><strong>—-</strong></span> <span class='ocrx_word' id='word_1_36' title='bbox 791 1181 821 1218; x_wconf 87' lang='lat' dir='ltr'><strong>v.</strong></span> <span class='ocrx_word' id='word_1_37' title='bbox 847 1157 917 1218; x_wconf 93' lang='grc'><strong>124.</strong></span> <span class='ocrx_word' id='word_1_38' title='bbox 947 1149 1130 1236; x_wconf 69' lang='grc' dir='ltr'><em>εὐνομίης</em></span> <span class='ocrx_word' id='word_1_39' title='bbox 1158 1179 1212 1238; x_wconf 86' lang='lat' dir='ltr'><strong>pro</strong></span> <span class='ocrx_word' id='word_1_40' title='bbox 1234 1148 1366 1234; x_wconf 80' lang='grc' dir='ltr'><em>εὖομίης,</em></span> 
     </span>
     <span class='ocr_line' id='line_1_8' title="bbox 229 1257 1365 1342; baseline -0.005 -22"><span class='ocrx_word' id='word_1_41' title='bbox 229 1260 312 1342; x_wconf 88' lang='lat' dir='ltr'><strong>quod</strong></span> <span class='ocrx_word' id='word_1_42' title='bbox 330 1258 569 1318; x_wconf 82' lang='lat' dir='ltr'><strong>Rhodomannus</strong></span> <span class='ocrx_word' id='word_1_43' title='bbox 590 1258 700 1334; x_wconf 83' lang='lat' dir='ltr'><strong>habet,</strong></span> <span class='ocrx_word' id='word_1_44' title='bbox 723 1262 777 1321; x_wconf 84' lang='lat' dir='ltr'><strong>vix</strong></span> <span class='ocrx_word' id='word_1_45' title='bbox 799 1271 885 1321; x_wconf 87' lang='lat' dir='ltr'><strong>recte</strong></span> <span class='ocrx_word' id='word_1_46' title='bbox 900 1261 1093 1320; x_wconf 81' lang='lat' dir='ltr'><strong>emendatum</strong></span> <span class='ocrx_word' id='word_1_47' title='bbox 1108 1258 1239 1320; x_wconf 88' lang='lat' dir='ltr'><strong>videtur.</strong></span> <span class='ocrx_word' id='word_1_48' title='bbox 1277 1257 1365 1316; x_wconf 85' lang='lat' dir='ltr'><strong>Nihil</strong></span> 
     </span>
     <span class='ocr_line' id='line_1_9' title="bbox 227 1360 897 1441; baseline 0.003 -21"><span class='ocrx_word' id='word_1_49' title='bbox 227 1370 345 1433; x_wconf 78' lang='lat' dir='ltr'><strong>tamen,</strong></span> <span class='ocrx_word' id='word_1_50' title='bbox 367 1360 449 1441; x_wconf 88' lang='lat' dir='ltr'><strong>quod</strong></span> <span class='ocrx_word' id='word_1_51' title='bbox 468 1361 608 1441; x_wconf 80' lang='lat' dir='ltr'><strong>placeat,</strong></span> <span class='ocrx_word' id='word_1_52' title='bbox 630 1382 664 1422; x_wconf 82' lang='lat' dir='ltr'><strong>se</strong></span> <span class='ocrx_word' id='word_1_53' title='bbox 683 1363 756 1422; x_wconf 90' lang='lat' dir='ltr'><strong>mihi</strong></span> <span class='ocrx_word' id='word_1_54' title='bbox 779 1362 897 1422; x_wconf 84' lang='lat' dir='ltr'><strong>obtulit.</strong></span> 
     </span>
     <span class='ocr_line' id='line_1_10' title="bbox 228 1470 1042 1560; baseline -0.001 -21"><span class='ocrx_word' id='word_1_55' title='bbox 228 1501 260 1539; x_wconf 80' lang='lat' dir='ltr'><strong>v.</strong></span> <span class='ocrx_word' id='word_1_56' title='bbox 283 1476 353 1538; x_wconf 89' lang='grc'><strong>172.</strong></span> <span class='ocrx_word' id='word_1_57' title='bbox 687 1480 741 1540; x_wconf 81' lang='grc' dir='ltr'><strong>καί</strong></span> <span class='ocrx_word' id='word_1_58' title='bbox 760 1495 833 1556; x_wconf 85' lang='grc' dir='ltr'><em>σφιν</em></span> <span class='ocrx_word' id='word_1_59' title='bbox 854 1470 908 1560; x_wconf 76' lang='grc' dir='ltr'><strong>ἆρ’</strong></span> <span class='ocrx_word' id='word_1_60' title='bbox 928 1470 1042 1558; x_wconf 82' lang='grc' dir='ltr'><em>άμφοῖν</em></span> 
     </span>
    </p>

    <p class='ocr_par' dir='ltr' id='par_1_6' title="bbox 227 1569 1396 3297">
     <span class='ocr_line' id='line_1_11' title="bbox 395 1569 1246 1661; baseline 0.001 -23"><span class='ocrx_word' id='word_1_61' title='bbox 395 1570 492 1661; x_wconf 77' lang='grc' dir='ltr'><em>δάκρυ</em></span> <span class='ocrx_word' id='word_1_62' title='bbox 512 1573 587 1641; x_wconf 77' lang='grc' dir='ltr'><em>ειατά</em></span> <span class='ocrx_word' id='word_1_63' title='bbox 606 1573 811 1661; x_wconf 75' lang='grc' dir='ltr'><em>βλεφάρων</em></span> <span class='ocrx_word' id='word_1_64' title='bbox 831 1569 999 1661; x_wconf 75' lang='grc' dir='ltr'><em>ἠλείβετο</em></span> <span class='ocrx_word' id='word_1_65' title='bbox 1017 1569 1076 1658; x_wconf 70' lang='grc' dir='ltr'><strong>ἡδὺ</strong></span> <span class='ocrx_word' id='word_1_66' title='bbox 1094 1573 1246 1661; x_wconf 77' lang='grc' dir='ltr'><strong>γοάντων.</strong></span> 
     </span>
     <span class='ocr_line' id='line_1_12' title="bbox 229 1679 1363 1762; baseline -0.002 -21"><span class='ocrx_word' id='word_1_67' title='bbox 229 1683 360 1741; x_wconf 83' lang='lat' dir='ltr'><strong>Evertcs</strong></span> <span class='ocrx_word' id='word_1_68' title='bbox 375 1690 555 1755; x_wconf 83' lang='lat' dir='ltr'><strong>monstrum,</strong></span> <span class='ocrx_word' id='word_1_69' title='bbox 571 1682 733 1743; x_wconf 83' lang='lat' dir='ltr'><strong>scribendo</strong></span> <span class='ocrx_word' id='word_1_70' title='bbox 751 1679 950 1761; x_wconf 77' lang='grc' dir='ltr'><em>ἒλλείβετο,</em></span> <span class='ocrx_word' id='word_1_71' title='bbox 969 1692 1002 1742; x_wconf 83' lang='lat' dir='ltr'><strong>ut</strong></span> <span class='ocrx_word' id='word_1_72' title='bbox 1016 1682 1216 1742; x_wconf 85' lang='lat' dir='ltr'><strong>Homericum</strong></span> <span class='ocrx_word' id='word_1_73' title='bbox 1231 1679 1363 1762; x_wconf 79' lang='grc' dir='ltr'><em>ἔλλαβεν.</em></span> 
     </span>
     <span class='ocr_line' id='line_1_13' title="bbox 229 1772 1363 1866; baseline 0.002 -26"><span class='ocrx_word' id='word_1_74' title='bbox 229 1780 293 1841; x_wconf 81' lang='lat' dir='ltr'><strong>Sed</strong></span> <span class='ocrx_word' id='word_1_75' title='bbox 313 1781 401 1855; x_wconf 83' lang='lat' dir='ltr'><strong>vide,</strong></span> <span class='ocrx_word' id='word_1_76' title='bbox 427 1801 468 1840; x_wconf 89' lang='lat' dir='ltr'><strong>ne</strong></span> <span class='ocrx_word' id='word_1_77' title='bbox 488 1789 582 1860; x_wconf 65' lang='lat' dir='ltr'><strong>poete</strong></span> <span class='ocrx_word' id='word_1_78' title='bbox 604 1782 725 1843; x_wconf 80' lang='lat' dir='ltr'><strong>dederit</strong></span> <span class='ocrx_word' id='word_1_79' title='bbox 747 1772 823 1842; x_wconf 75' lang='grc' dir='ltr'><em>κατὰ</em></span> <span class='ocrx_word' id='word_1_80' title='bbox 840 1776 1070 1864; x_wconf 75' lang='grc' dir='ltr'><em>βλεφάροιϊν</em></span> <span class='ocrx_word' id='word_1_81' title='bbox 1087 1781 1275 1863; x_wconf 84' lang='grc' dir='ltr'><em>ε’λείβετο,</em></span> <span class='ocrx_word' id='word_1_82' title='bbox 1307 1805 1363 1866; x_wconf 86' lang='lat' dir='ltr'><strong>quo</strong></span> 
     </span>
     <span class='ocr_line' id='line_1_14' title="bbox 227 1881 1364 1961; baseline 0.003 -21"><span class='ocrx_word' id='word_1_83' title='bbox 227 1882 367 1942; x_wconf 83' lang='lat' dir='ltr'><strong>restituto</strong></span> <span class='ocrx_word' id='word_1_84' title='bbox 403 1892 579 1943; x_wconf 78' lang='lat' dir='ltr'><strong>consuetam</strong></span> <span class='ocrx_word' id='word_1_85' title='bbox 614 1881 730 1961; x_wconf 78' lang='lat' dir='ltr'><strong>Quinto</strong></span> <span class='ocrx_word' id='word_1_86' title='bbox 761 1904 920 1946; x_wconf 82' lang='lat' dir='ltr'><strong>caesuram</strong></span> <span class='ocrx_word' id='word_1_87' title='bbox 947 1885 1110 1946; x_wconf 82' lang='lat' dir='ltr'><strong>lucramur.</strong></span> <span class='ocrx_word' id='word_1_88' title='bbox 1143 1919 1186 1930; x_wconf 90' lang='lat'><em>-</em></span> <span class='ocrx_word' id='word_1_89' title='bbox 1227 1908 1261 1945; x_wconf 86' lang='lat' dir='ltr'><strong>v.</strong></span> <span class='ocrx_word' id='word_1_90' title='bbox 1297 1884 1364 1945; x_wconf 87' lang='grc'><strong>198.</strong></span> 
     </span>
     <span class='ocr_line' id='line_1_15' title="bbox 229 1970 1364 2068; baseline 0.004 -27"><span class='ocrx_word' id='word_1_91' title='bbox 229 1970 439 2061; x_wconf 75' lang='grc' dir='ltr'><em>άπηὲξηνθ’</em></span> <span class='ocrx_word' id='word_1_92' title='bbox 464 1984 544 2044; x_wconf 88' lang='lat' dir='ltr'><strong>bene</strong></span> <span class='ocrx_word' id='word_1_93' title='bbox 566 2005 584 2045; x_wconf 89' lang='lat' dir='ltr'><strong>e</strong></span> <span class='ocrx_word' id='word_1_94' title='bbox 603 1985 817 2046; x_wconf 80' lang='lat' dir='ltr'><strong>Rhodomanni</strong></span> <span class='ocrx_word' id='word_1_95' title='bbox 840 1988 1017 2065; x_wconf 84' lang='lat' dir='ltr'><strong>conjectura</strong></span> <span class='ocrx_word' id='word_1_96' title='bbox 1037 1987 1151 2047; x_wconf 90' lang='lat' dir='ltr'><strong>editum</strong></span> <span class='ocrx_word' id='word_1_97' title='bbox 1175 1997 1223 2047; x_wconf 81' lang='lat' dir='ltr'><strong>eet</strong></span> <span class='ocrx_word' id='word_1_98' title='bbox 1241 2008 1305 2068; x_wconf 88' lang='lat' dir='ltr'><strong>pro</strong></span> <span class='ocrx_word' id='word_1_99' title='bbox 1324 1989 1364 2045; x_wconf 91' lang='lat' dir='ltr'><strong>vi·</strong></span> 
     </span>
     <span class='ocr_line' id='line_1_16' title="bbox 229 2073 1366 2164; baseline 0.006 -22"><span class='ocrx_word' id='word_1_100' title='bbox 229 2084 308 2144; x_wconf 80' lang='lat' dir='ltr'><strong>tioso</strong></span> <span class='ocrx_word' id='word_1_101' title='bbox 320 2073 480 2164; x_wconf 70' lang='grc' dir='ltr'><em>άπηίξηθ’.</em></span> <span class='ocrx_word' id='word_1_102' title='bbox 497 2121 539 2130; x_wconf 91' lang='grc'>-</span> <span class='ocrx_word' id='word_1_103' title='bbox 560 2087 643 2149; x_wconf 81' lang='lat' dir='ltr'><strong>Ante</strong></span> <span class='ocrx_word' id='word_1_104' title='bbox 657 2109 687 2147; x_wconf 82' lang='lat' dir='ltr'><strong>v.</strong></span> <span class='ocrx_word' id='word_1_105' title='bbox 704 2084 776 2147; x_wconf 83' lang='grc'><strong>215.</strong></span> <span class='ocrx_word' id='word_1_106' title='bbox 792 2109 870 2149; x_wconf 76' lang='lat' dir='ltr'>unus</span> <span class='ocrx_word' id='word_1_107' title='bbox 885 2110 992 2150; x_wconf 76' lang='lat' dir='ltr'><strong>versus</strong></span> <span class='ocrx_word' id='word_1_108' title='bbox 1009 2088 1163 2150; x_wconf 79' lang='lat' dir='ltr'><strong>excidisse</strong></span> <span class='ocrx_word' id='word_1_109' title='bbox 1178 2089 1318 2149; x_wconf 85' lang='lat' dir='ltr'><strong>videtur.</strong></span> <span class='ocrx_word' id='word_1_110' title='bbox 1329 2123 1366 2132; x_wconf 93' lang='lat'><em>-</em></span> 
     </span>
     <span class='ocr_line' id='line_1_17' title="bbox 230 2193 1367 2287; baseline 0.002 -23"><span class='ocrx_word' id='word_1_111' title='bbox 230 2225 260 2264; x_wconf 86' lang='lat' dir='ltr'><strong>v.</strong></span> <span class='ocrx_word' id='word_1_112' title='bbox 283 2201 355 2264; x_wconf 83' lang='lat'><strong>230.</strong></span> <span class='ocrx_word' id='word_1_113' title='bbox 385 2226 440 2285; x_wconf 87' lang='lat' dir='ltr'><strong>pro</strong></span> <span class='ocrx_word' id='word_1_114' title='bbox 469 2193 531 2265; x_wconf 85' lang='grc' dir='ltr'><strong>άπ’</strong></span> <span class='ocrx_word' id='word_1_115' title='bbox 561 2201 595 2266; x_wconf 76' lang='lat' dir='ltr'><strong>du</strong></span> <span class='ocrx_word' id='word_1_116' title='bbox 621 2202 727 2284; x_wconf 77' lang='grc' dir='ltr'><em>λεχέων</em></span> <span class='ocrx_word' id='word_1_117' title='bbox 754 2194 923 2287; x_wconf 84' lang='grc' dir='ltr'><em>άνὸροοσαν</em></span> <span class='ocrx_word' id='word_1_118' title='bbox 947 2207 1022 2280; x_wconf 85' lang='lat' dir='ltr'><strong>fuit,</strong></span> <span class='ocrx_word' id='word_1_119' title='bbox 1050 2208 1084 2267; x_wconf 92' lang='lat' dir='ltr'><strong>ni</strong></span> <span class='ocrx_word' id='word_1_120' title='bbox 1109 2207 1218 2282; x_wconf 79' lang='lat' dir='ltr'><strong>fallor,</strong></span> <span class='ocrx_word' id='word_1_121' title='bbox 1246 2197 1314 2269; x_wconf 74' lang='grc' dir='ltr'><strong>ἄν’</strong></span> <span class='ocrx_word' id='word_1_122' title='bbox 1337 2205 1367 2271; x_wconf 75' lang='grc' dir='ltr'><strong>ἐν</strong></span> 
     </span>
     <span class='ocr_line' id='line_1_18' title="bbox 228 2294 533 2386; baseline 0 -18"><span class='ocrx_word' id='word_1_123' title='bbox 228 2303 335 2384; x_wconf 73' lang='grc' dir='ltr'><em>λεχέων</em></span> <span class='ocrx_word' id='word_1_124' title='bbox 355 2294 533 2386; x_wconf 83' lang='grc' dir='ltr'><em>άνάροασαν.</em></span> 
     </span>
     <span class='ocr_line' id='line_1_19' title="bbox 229 2397 1249 2488; baseline 0 -22"><span class='ocrx_word' id='word_1_125' title='bbox 229 2427 259 2466; x_wconf 85' lang='lat' dir='ltr'><strong>v.</strong></span> <span class='ocrx_word' id='word_1_126' title='bbox 281 2402 353 2465; x_wconf 84' lang='lat'>258.</span> <span class='ocrx_word' id='word_1_127' title='bbox 379 2397 487 2485; x_wconf 77' lang='grc' dir='ltr'><em>τὴνδ’</em></span> <span class='ocrx_word' id='word_1_128' title='bbox 508 2401 603 2488; x_wconf 71' lang='grc' dir='ltr'><em>ἄγον,</em></span> <span class='ocrx_word' id='word_1_129' title='bbox 624 2398 694 2486; x_wconf 75' lang='grc' dir='ltr'><em>ἠΰτε</em></span> <span class='ocrx_word' id='word_1_130' title='bbox 713 2399 820 2488; x_wconf 84' lang='grc' dir='ltr'><em>πόρτιν</em></span> <span class='ocrx_word' id='word_1_131' title='bbox 841 2405 870 2481; x_wconf 73' lang='grc' dir='ltr'><strong>ἐς</strong></span> <span class='ocrx_word' id='word_1_132' title='bbox 891 2398 1101 2470; x_wconf 75' lang='grc' dir='ltr'><em>αἰθανάτοιο</em></span> <span class='ocrx_word' id='word_1_133' title='bbox 1122 2400 1249 2487; x_wconf 73' lang='grc' dir='ltr'><strong>θυηλάς.</strong></span> 
     </span>
     <span class='ocr_line' id='line_1_20' title="bbox 229 2509 1366 2589; baseline -0.003 -19"><span class='ocrx_word' id='word_1_134' title='bbox 229 2510 444 2570; x_wconf 82' lang='lat' dir='ltr'><strong>Rhodomanni</strong></span> <span class='ocrx_word' id='word_1_135' title='bbox 462 2512 540 2571; x_wconf 81' lang='lat' dir='ltr'><strong>haec</strong></span> <span class='ocrx_word' id='word_1_136' title='bbox 561 2520 608 2571; x_wconf 80' lang='lat' dir='ltr'><strong>est</strong></span> <span class='ocrx_word' id='word_1_137' title='bbox 626 2509 814 2588; x_wconf 79' lang='lat' dir='ltr'><strong>emendeti03</strong></span> <span class='ocrx_word' id='word_1_138' title='bbox 836 2510 996 2589; x_wconf 79' lang='lat' dir='ltr'><strong>legebatur</strong></span> <span class='ocrx_word' id='word_1_139' title='bbox 1017 2512 1084 2572; x_wconf 82' lang='lat' dir='ltr'><strong>eine</strong></span> <span class='ocrx_word' id='word_1_140' title='bbox 1106 2531 1198 2573; x_wconf 76' lang='lat' dir='ltr'><strong>sensu</strong></span> <span class='ocrx_word' id='word_1_141' title='bbox 1217 2519 1248 2571; x_wconf 85' lang='lat' dir='ltr'><strong>et</strong></span> <span class='ocrx_word' id='word_1_142' title='bbox 1266 2517 1366 2569; x_wconf 89' lang='lat' dir='ltr'><strong>metro</strong></span> 
     </span>
     <span class='ocr_line' id='line_1_21' title="bbox 229 2601 1366 2687; baseline -0.004 -16"><span class='ocrx_word' id='word_1_143' title='bbox 229 2607 259 2684; x_wconf 74' lang='grc' dir='ltr'><strong>ἐς</strong></span> <span class='ocrx_word' id='word_1_144' title='bbox 284 2601 456 2671; x_wconf 77' lang='grc' dir='ltr'><em>θανατὸν</em></span> <span class='ocrx_word' id='word_1_145' title='bbox 481 2602 608 2687; x_wconf 74' lang='grc' dir='ltr'><strong>θυηλάς.</strong></span> <span class='ocrx_word' id='word_1_146' title='bbox 652 2610 716 2672; x_wconf 85' lang='lat' dir='ltr'><strong>Sed</strong></span> <span class='ocrx_word' id='word_1_147' title='bbox 741 2610 842 2671; x_wconf 85' lang='lat' dir='ltr'><strong>locum</strong></span> <span class='ocrx_word' id='word_1_148' title='bbox 860 2632 922 2672; x_wconf 88' lang='lat' dir='ltr'><strong>non</strong></span> <span class='ocrx_word' id='word_1_149' title='bbox 942 2622 1083 2677; x_wconf 80' lang='lat' dir='ltr'><strong>sanatum</strong></span> <span class='ocrx_word' id='word_1_150' title='bbox 1105 2613 1261 2686; x_wconf 80' lang='lat' dir='ltr'><strong>existim03</strong></span> <span class='ocrx_word' id='word_1_151' title='bbox 1294 2629 1366 2669; x_wconf 83' lang='lat' dir='ltr'><strong>nem</strong></span> 
     </span>
     <span class='ocr_line' id='line_1_22' title="bbox 229 2700 1396 2795; baseline -0.003 -24"><span class='ocrx_word' id='word_1_152' title='bbox 229 2700 383 2782; x_wconf 81' lang='grc' dir='ltr'><em>άθάνατος</em></span> <span class='ocrx_word' id='word_1_153' title='bbox 404 2713 448 2772; x_wconf 81' lang='lat' dir='ltr'><strong>sic</strong></span> <span class='ocrx_word' id='word_1_154' title='bbox 469 2710 552 2771; x_wconf 87' lang='lat' dir='ltr'><strong>nude</strong></span> <span class='ocrx_word' id='word_1_155' title='bbox 571 2712 677 2792; x_wconf 83' lang='lat' dir='ltr'><strong>epicue</strong></span> <span class='ocrx_word' id='word_1_156' title='bbox 698 2732 798 2773; x_wconf 82' lang='lat' dir='ltr'><strong>sermo</strong></span> <span class='ocrx_word' id='word_1_157' title='bbox 818 2733 882 2773; x_wconf 88' lang='lat' dir='ltr'><strong>non</strong></span> <span class='ocrx_word' id='word_1_158' title='bbox 899 2716 1033 2795; x_wconf 82' lang='lat' dir='ltr'><strong>recepit,</strong></span> <span class='ocrx_word' id='word_1_159' title='bbox 1053 2715 1107 2774; x_wconf 84' lang='lat' dir='ltr'><strong>vix</strong></span> <span class='ocrx_word' id='word_1_160' title='bbox 1129 2722 1192 2774; x_wconf 79' lang='lat' dir='ltr'><strong>tota</strong></span> <span class='ocrx_word' id='word_1_161' title='bbox 1215 2709 1366 2771; x_wconf 76' lang='lat' dir='ltr'><strong>Graecia.</strong></span> <span class='ocrx_word' id='word_1_162' title='bbox 1394 2755 1396 2758; x_wconf 83' lang='lat'>.</span> 
     </span>
     <span class='ocr_line' id='line_1_23' title="bbox 230 2808 1366 2896; baseline -0.004 -21"><span class='ocrx_word' id='word_1_163' title='bbox 230 2813 314 2895; x_wconf 75' lang='lat' dir='ltr'><strong>Quid</strong></span> <span class='ocrx_word' id='word_1_164' title='bbox 343 2815 451 2888; x_wconf 89' lang='lat' dir='ltr'><strong>fuerit,</strong></span> <span class='ocrx_word' id='word_1_165' title='bbox 479 2814 594 2875; x_wconf 81' lang='lat' dir='ltr'><strong>nescio.</strong></span> <span class='ocrx_word' id='word_1_166' title='bbox 613 2848 655 2858; x_wconf 89' lang='lat'>—</span> <span class='ocrx_word' id='word_1_167' title='bbox 681 2836 712 2873; x_wconf 84' lang='lat' dir='ltr'><strong>v.</strong></span> <span class='ocrx_word' id='word_1_168' title='bbox 738 2811 810 2875; x_wconf 80' lang='lat'><strong>265.</strong></span> <span class='ocrx_word' id='word_1_169' title='bbox 835 2836 891 2896; x_wconf 79' lang='lat' dir='ltr'><strong>pro</strong></span> <span class='ocrx_word' id='word_1_170' title='bbox 918 2808 1167 2896; x_wconf 81' lang='grc' dir='ltr'><em>περιτρύζωσι</em></span> <span class='ocrx_word' id='word_1_171' title='bbox 1193 2811 1366 2888; x_wconf 78' lang='lat' dir='ltr'><strong>legendum</strong></span> 
     </span>
     <span class='ocr_line' id='line_1_24' title="bbox 230 2911 1367 2998; baseline -0.004 -21"><span class='ocrx_word' id='word_1_172' title='bbox 230 2925 277 2977; x_wconf 83' lang='lat' dir='ltr'><strong>est</strong></span> <span class='ocrx_word' id='word_1_173' title='bbox 303 2915 557 2998; x_wconf 78' lang='grc' dir='ltr'><em>περιτρίζωσι.</em></span> <span class='ocrx_word' id='word_1_174' title='bbox 607 2915 672 2976; x_wconf 84' lang='lat' dir='ltr'><strong>Sed</strong></span> <span class='ocrx_word' id='word_1_175' title='bbox 700 2936 795 2996; x_wconf 79' lang='lat' dir='ltr'><strong>supra</strong></span> <span class='ocrx_word' id='word_1_176' title='bbox 821 2937 851 2975; x_wconf 85' lang='lat' dir='ltr'><strong>v.</strong></span> <span class='ocrx_word' id='word_1_177' title='bbox 881 2914 931 2976; x_wconf 90' lang='grc'><strong>36.</strong></span> <span class='ocrx_word' id='word_1_178' title='bbox 963 2916 1043 2975; x_wconf 87' lang='lat' dir='ltr'><strong>bene</strong></span> <span class='ocrx_word' id='word_1_179' title='bbox 1071 2934 1106 2973; x_wconf 81' lang='lat' dir='ltr'><strong>se</strong></span> <span class='ocrx_word' id='word_1_180' title='bbox 1131 2911 1226 2971; x_wconf 84' lang='lat' dir='ltr'><strong>habet</strong></span> <span class='ocrx_word' id='word_1_181' title='bbox 1252 2932 1367 2990; x_wconf 84' lang='grc' dir='ltr'><em>περι·</em></span> 
     </span>
     <span class='ocr_line' id='line_1_25' title="bbox 228 3009 1366 3100; baseline -0.004 -23"><span class='ocrx_word' id='word_1_182' title='bbox 228 3009 441 3098; x_wconf 81' lang='grc' dir='ltr'><em>τράζοοσιν.</em></span> <span class='ocrx_word' id='word_1_183' title='bbox 460 3052 504 3061; x_wconf 92' lang='lat'><em>-</em></span> <span class='ocrx_word' id='word_1_184' title='bbox 529 3041 560 3079; x_wconf 84' lang='lat' dir='ltr'><strong>v.</strong></span> <span class='ocrx_word' id='word_1_185' title='bbox 580 3016 652 3079; x_wconf 87' lang='grc'><strong>269.</strong></span> <span class='ocrx_word' id='word_1_186' title='bbox 672 3019 829 3100; x_wconf 74' lang='grc' dir='ltr'><em>στοναχῇσι</em></span> <span class='ocrx_word' id='word_1_187' title='bbox 846 3038 901 3097; x_wconf 84' lang='lat' dir='ltr'><strong>pro</strong></span> <span class='ocrx_word' id='word_1_188' title='bbox 923 3016 1077 3095; x_wconf 72' lang='grc' dir='ltr'><em>στοναχῇσι</em></span> <span class='ocrx_word' id='word_1_189' title='bbox 1097 3021 1280 3094; x_wconf 80' lang='lat' dir='ltr'><strong>occupatum</strong></span> <span class='ocrx_word' id='word_1_190' title='bbox 1298 3016 1366 3092; x_wconf 82' lang='lat' dir='ltr'><strong>jam</strong></span> 
     </span>
     <span class='ocr_line' id='line_1_26' title="bbox 229 3116 805 3201; baseline -0.003 -22"><span class='ocrx_word' id='word_1_191' title='bbox 229 3118 319 3179; x_wconf 87' lang='lat' dir='ltr'><strong>video</strong></span> <span class='ocrx_word' id='word_1_192' title='bbox 343 3139 362 3178; x_wconf 81' lang='lat' dir='ltr'><strong>a</strong></span> <span class='ocrx_word' id='word_1_193' title='bbox 384 3119 545 3198; x_wconf 80' lang='lat' dir='ltr'><strong>Spitznero</strong></span> <span class='ocrx_word' id='word_1_194' title='bbox 565 3121 661 3180; x_wconf 78' lang='lat' dir='ltr'><strong>Ment.</strong></span> <span class='ocrx_word' id='word_1_195' title='bbox 679 3142 710 3201; x_wconf 82' lang='lat' dir='ltr'><strong>p.</strong></span> <span class='ocrx_word' id='word_1_196' title='bbox 734 3116 805 3179; x_wconf 89' lang='grc'><strong>236.</strong></span> 
     </span>
     <span class='ocr_line' id='line_1_27' title="bbox 228 3208 1195 3297; baseline 0.001 -19"><span class='ocrx_word' id='word_1_197' title='bbox 228 3239 258 3278; x_wconf 86' lang='lat' dir='ltr'><strong>v.</strong></span> <span class='ocrx_word' id='word_1_198' title='bbox 279 3216 351 3278; x_wconf 86' lang='grc'><strong>281.</strong></span> <span class='ocrx_word' id='word_1_199' title='bbox 390 3219 443 3277; x_wconf 80' lang='grc' dir='ltr'><strong>τοῦ</strong></span> <span class='ocrx_word' id='word_1_200' title='bbox 462 3216 530 3297; x_wconf 75' lang='grc' dir='ltr'><em>πέρι</em></span> <span class='ocrx_word' id='word_1_201' title='bbox 551 3218 741 3296; x_wconf 66' lang='grc' dir='ltr'><em>δειμαίνουσα</em></span> <span class='ocrx_word' id='word_1_202' title='bbox 764 3216 815 3279; x_wconf 82' lang='grc' dir='ltr'><strong>καί</strong></span> <span class='ocrx_word' id='word_1_203' title='bbox 834 3208 980 3296; x_wconf 76' lang='grc' dir='ltr'><em>ὀσσομένη</em></span> <span class='ocrx_word' id='word_1_204' title='bbox 1000 3214 1075 3297; x_wconf 71' lang='grc' dir='ltr'><strong>μέγα</strong></span> <span class='ocrx_word' id='word_1_205' title='bbox 1093 3218 1195 3295; x_wconf 80' lang='grc' dir='ltr'><em>πῆμα,</em></span> 
     </span>
    </p>

    <p class='ocr_par' dir='ltr' id='par_1_7' title="bbox 225 3306 1421 4105">
     <span class='ocr_line' id='line_1_28' title="bbox 393 3306 1220 3403; baseline -0.002 -26"><span class='ocrx_word' id='word_1_206' title='bbox 393 3307 512 3397; x_wconf 73' lang='grc' dir='ltr'><em>οἰκτρὸν</em></span> <span class='ocrx_word' id='word_1_207' title='bbox 532 3306 766 3392; x_wconf 78' lang='grc' dir='ltr'><em>ιἰνωλάζεσιιε</em></span> <span class='ocrx_word' id='word_1_208' title='bbox 785 3313 847 3403; x_wconf 70' lang='grc' dir='ltr'><strong>γάρ</strong></span> <span class='ocrx_word' id='word_1_209' title='bbox 869 3313 900 3379; x_wconf 80' lang='grc' dir='ltr'><strong>δ’</strong></span> <span class='ocrx_word' id='word_1_210' title='bbox 925 3315 975 3378; x_wconf 77' lang='grc' dir='ltr'><strong>ίπλ</strong></span> <span class='ocrx_word' id='word_1_211' title='bbox 994 3306 1112 3396; x_wconf 75' lang='grc' dir='ltr'><em>μακράν</em></span> <span class='ocrx_word' id='word_1_212' title='bbox 1129 3306 1220 3379; x_wconf 71' lang='grc' dir='ltr'><em>ἀΰτει.</em></span> 
     </span>
     <span class='ocr_line' id='line_1_29' title="bbox 227 3415 1366 3500; baseline 0 -24"><span class='ocrx_word' id='word_1_213' title='bbox 227 3416 345 3495; x_wconf 82' lang='lat' dir='ltr'><strong>Tetigit</strong></span> <span class='ocrx_word' id='word_1_214' title='bbox 369 3417 451 3477; x_wconf 86' lang='lat' dir='ltr'><strong>hunc</strong></span> <span class='ocrx_word' id='word_1_215' title='bbox 479 3418 581 3478; x_wconf 88' lang='lat' dir='ltr'><strong>locum</strong></span> <span class='ocrx_word' id='word_1_216' title='bbox 600 3420 666 3496; x_wconf 83' lang='lat' dir='ltr'><strong>jam</strong></span> <span class='ocrx_word' id='word_1_217' title='bbox 688 3420 831 3500; x_wconf 75' lang='lat' dir='ltr'><strong>Spitzner</strong></span> <span class='ocrx_word' id='word_1_218' title='bbox 850 3422 946 3481; x_wconf 82' lang='lat' dir='ltr'><strong>Mant.</strong></span> <span class='ocrx_word' id='word_1_219' title='bbox 975 3441 1006 3500; x_wconf 85' lang='lat' dir='ltr'><strong>p.</strong></span> <span class='ocrx_word' id='word_1_220' title='bbox 1029 3415 1101 3478; x_wconf 88' lang='grc'><strong>267.</strong></span> <span class='ocrx_word' id='word_1_221' title='bbox 1128 3421 1194 3498; x_wconf 59' lang='lat' dir='ltr'><strong>eq„</strong></span> <span class='ocrx_word' id='word_1_222' title='bbox 1225 3417 1281 3498; x_wconf 88' lang='lat' dir='ltr'><strong>qui</strong></span> <span class='ocrx_word' id='word_1_223' title='bbox 1310 3426 1366 3477; x_wconf 80' lang='lat' dir='ltr'><strong>eut</strong></span> 
     </span>
     <span class='ocr_line' id='line_1_30' title="bbox 227 3507 1366 3603; baseline -0.002 -25"><span class='ocrx_word' id='word_1_224' title='bbox 227 3508 361 3592; x_wconf 79' lang='grc' dir='ltr'><em>άνολάζω</em></span> <span class='ocrx_word' id='word_1_225' title='bbox 381 3519 491 3580; x_wconf 78' lang='lat' dir='ltr'><strong>lexicis</strong></span> <span class='ocrx_word' id='word_1_226' title='bbox 512 3519 584 3580; x_wconf 88' lang='lat' dir='ltr'><strong>hinc</strong></span> <span class='ocrx_word' id='word_1_227' title='bbox 607 3521 818 3596; x_wconf 78' lang='lat' dir='ltr'><strong>inserendum,</strong></span> <span class='ocrx_word' id='word_1_228' title='bbox 837 3531 890 3582; x_wconf 82' lang='lat' dir='ltr'><strong>eut</strong></span> <span class='ocrx_word' id='word_1_229' title='bbox 903 3521 955 3581; x_wconf 88' lang='lat' dir='ltr'><strong>vel</strong></span> <span class='ocrx_word' id='word_1_230' title='bbox 972 3509 1181 3603; x_wconf 76' lang='grc' dir='ltr'><em>άνωμωζεσιιε,</em></span> <span class='ocrx_word' id='word_1_231' title='bbox 1202 3519 1255 3579; x_wconf 85' lang='lat' dir='ltr'><strong>vel</strong></span> <span class='ocrx_word' id='word_1_232' title='bbox 1271 3507 1366 3577; x_wconf 78' lang='grc' dir='ltr'><em>άνιΰ·</em></span> 
     </span>
     <span class='ocr_line' id='line_1_31' title="bbox 228 3610 1368 3704; baseline -0.004 -24"><span class='ocrx_word' id='word_1_233' title='bbox 228 3621 322 3697; x_wconf 80' lang='grc' dir='ltr'><em>ζεσιιε,</em></span> <span class='ocrx_word' id='word_1_234' title='bbox 357 3621 410 3682; x_wconf 88' lang='lat' dir='ltr'><strong>vel</strong></span> <span class='ocrx_word' id='word_1_235' title='bbox 437 3621 571 3704; x_wconf 87' lang='lat' dir='ltr'><strong>denique</strong></span> <span class='ocrx_word' id='word_1_236' title='bbox 598 3610 785 3702; x_wconf 80' lang='grc' dir='ltr'><em>άνατρίζεσιιε</em></span> <span class='ocrx_word' id='word_1_237' title='bbox 818 3621 1030 3700; x_wconf 79' lang='lat' dir='ltr'><strong>corrigendum</strong></span> <span class='ocrx_word' id='word_1_238' title='bbox 1059 3621 1251 3701; x_wconf 82' lang='lat' dir='ltr'><strong>pronunciat.</strong></span> <span class='ocrx_word' id='word_1_239' title='bbox 1298 3617 1368 3677; x_wconf 84' lang='lat' dir='ltr'><strong>Sed</strong></span> 
     </span>
     <span class='ocr_line' id='line_1_32' title="bbox 226 3708 1366 3803; baseline -0.008 -16"><span class='ocrx_word' id='word_1_240' title='bbox 226 3711 359 3796; x_wconf 71' lang='grc' dir='ltr'><em>άναλάζιο</em></span> <span class='ocrx_word' id='word_1_241' title='bbox 390 3723 475 3784; x_wconf 82' lang='lat' dir='ltr'><strong>nulla</strong></span> <span class='ocrx_word' id='word_1_242' title='bbox 502 3724 621 3784; x_wconf 75' lang='lat' dir='ltr'><strong>ratione</strong></span> <span class='ocrx_word' id='word_1_243' title='bbox 650 3743 684 3784; x_wconf 83' lang='lat' dir='ltr'><strong>se</strong></span> <span class='ocrx_word' id='word_1_244' title='bbox 715 3723 796 3784; x_wconf 82' lang='lat' dir='ltr'><strong>tueri</strong></span> <span class='ocrx_word' id='word_1_245' title='bbox 823 3724 951 3803; x_wconf 80' lang='lat' dir='ltr'><strong>poterit,</strong></span> <span class='ocrx_word' id='word_1_246' title='bbox 985 3743 1054 3783; x_wconf 84' lang='lat' dir='ltr'><strong>eum</strong></span> <span class='ocrx_word' id='word_1_247' title='bbox 1078 3741 1229 3802; x_wconf 73' lang='lat' dir='ltr'><strong>nusquam</strong></span> <span class='ocrx_word' id='word_1_248' title='bbox 1254 3708 1366 3795; x_wconf 75' lang='grc' dir='ltr'><em>ὄλάζω,</em></span> 
     </span>
     <span class='ocr_line' id='line_1_33' title="bbox 226 3812 1367 3905; baseline -0.004 -23"><span class='ocrx_word' id='word_1_249' title='bbox 226 3812 336 3902; x_wconf 71' lang='grc' dir='ltr'><em>ὀλνγὴ,</em></span> <span class='ocrx_word' id='word_1_250' title='bbox 361 3843 423 3884; x_wconf 87' lang='lat' dir='ltr'><strong>non</strong></span> <span class='ocrx_word' id='word_1_251' title='bbox 447 3824 545 3901; x_wconf 70' lang='lat' dir='ltr'><strong>magis</strong></span> <span class='ocrx_word' id='word_1_252' title='bbox 573 3843 664 3905; x_wconf 79' lang='lat' dir='ltr'>quam</span> <span class='ocrx_word' id='word_1_253' title='bbox 682 3813 782 3897; x_wconf 74' lang='grc' dir='ltr'><em>άλάζω</em></span> <span class='ocrx_word' id='word_1_254' title='bbox 798 3831 831 3884; x_wconf 91' lang='lat' dir='ltr'><strong>et</strong></span> <span class='ocrx_word' id='word_1_255' title='bbox 851 3823 923 3883; x_wconf 88' lang='lat' dir='ltr'><strong>hinc</strong></span> <span class='ocrx_word' id='word_1_256' title='bbox 941 3823 1082 3885; x_wconf 74' lang='lat' dir='ltr'><strong>derivate</strong></span> <span class='ocrx_word' id='word_1_257' title='bbox 1102 3821 1231 3883; x_wconf 70' lang='lat' dir='ltr'><strong>Graecis</strong></span> <span class='ocrx_word' id='word_1_258' title='bbox 1252 3821 1285 3878; x_wconf 88' lang='lat' dir='ltr'><strong>in</strong></span> <span class='ocrx_word' id='word_1_259' title='bbox 1304 3838 1367 3878; x_wconf 81' lang='lat' dir='ltr'><strong>usu</strong></span> 
     </span>
     <span class='ocr_line' id='line_1_34' title="bbox 226 3920 1366 4004; baseline -0.003 -20"><span class='ocrx_word' id='word_1_260' title='bbox 226 3923 348 3991; x_wconf 79' lang='lat' dir='ltr'><strong>fuerint.</strong></span> <span class='ocrx_word' id='word_1_261' title='bbox 381 3923 478 3985; x_wconf 73' lang='lat' dir='ltr'><strong>varia</strong></span> <span class='ocrx_word' id='word_1_262' title='bbox 492 3934 621 4004; x_wconf 79' lang='lat' dir='ltr'><strong>poscunt</strong></span> <span class='ocrx_word' id='word_1_263' title='bbox 635 3925 788 3989; x_wconf 74' lang='lat' dir='ltr'><strong>substitui.</strong></span> <span class='ocrx_word' id='word_1_264' title='bbox 825 3922 890 3985; x_wconf 83' lang='lat' dir='ltr'><strong>Sed</strong></span> <span class='ocrx_word' id='word_1_265' title='bbox 904 3923 991 3998; x_wconf 85' lang='lat' dir='ltr'><strong>vide,</strong></span> <span class='ocrx_word' id='word_1_266' title='bbox 1014 3945 1055 3985; x_wconf 89' lang='lat' dir='ltr'><strong>ne</strong></span> <span class='ocrx_word' id='word_1_267' title='bbox 1070 3920 1195 3983; x_wconf 84' lang='lat' dir='ltr'><strong>tandem</strong></span> <span class='ocrx_word' id='word_1_268' title='bbox 1212 3921 1366 4000; x_wconf 83' lang='lat' dir='ltr'><strong>optimum</strong></span> 
     </span>
     <span class='ocr_line' id='line_1_35' title="bbox 225 4024 1421 4105; baseline -0.002 -22"><span class='ocrx_word' id='word_1_269' title='bbox 225 4024 331 4096; x_wconf 85' lang='lat' dir='ltr'><strong>fuerit,</strong></span> <span class='ocrx_word' id='word_1_270' title='bbox 352 4024 517 4102; x_wconf 78' lang='lat' dir='ltr'><strong>separatis,</strong></span> <span class='ocrx_word' id='word_1_271' title='bbox 541 4043 621 4105; x_wconf 79' lang='lat' dir='ltr'><strong>quae</strong></span> <span class='ocrx_word' id='word_1_272' title='bbox 637 4025 717 4086; x_wconf 80' lang='lat' dir='ltr'><strong>male</strong></span> <span class='ocrx_word' id='word_1_273' title='bbox 741 4024 933 4097; x_wconf 80' lang='lat' dir='ltr'><strong>coaluerunt,</strong></span> <span class='ocrx_word' id='word_1_274' title='bbox 956 4024 1106 4086; x_wconf 86' lang='lat' dir='ltr'><strong>scribere:</strong></span> <span class='ocrx_word' id='word_1_275' title='bbox 1420 4098 1421 4101; x_wconf 7' lang='grc' dir='ltr'><strong>Ἴ</strong></span> 
     </span>
    </p>

    <p class='ocr_par' dir='ltr' id='par_1_8' title="bbox 477 4106 1421 4217">
     <span class='ocr_line' id='line_1_36' title="bbox 477 4106 1421 4217; baseline -0.004 -33"><span class='ocrx_word' id='word_1_276' title='bbox 477 4119 596 4203; x_wconf 80' lang='grc' dir='ltr'><em>οἰκτρὸν</em></span> <span class='ocrx_word' id='word_1_277' title='bbox 617 4117 692 4184; x_wconf 72' lang='grc' dir='ltr'><strong>ἅνω</strong></span> <span class='ocrx_word' id='word_1_278' title='bbox 712 4119 866 4197; x_wconf 77' lang='grc' dir='ltr'><em>λύζεσιιε</em></span> <span class='ocrx_word' id='word_1_279' title='bbox 887 4144 915 4182; x_wconf 73' lang='grc' dir='ltr'><strong>ιι.</strong></span> <span class='ocrx_word' id='word_1_280' title='bbox 934 4144 960 4189; x_wconf 86' lang='grc' dir='ltr'><strong>τ.</strong></span> <span class='ocrx_word' id='word_1_281' title='bbox 979 4126 1005 4182; x_wconf 88' lang='grc' dir='ltr'><strong>λ.</strong></span> <span class='ocrx_word' id='word_1_282' title='bbox 1419 4106 1421 4217; x_wconf 53' lang='lat' dir='ltr'><strong>i</strong></span> 
     </span>
    </p>

    <p class='ocr_par' dir='ltr' id='par_1_9' title="bbox 224 4212 1421 4502">
     <span class='ocr_line' id='line_1_37' title="bbox 224 4212 1421 4309; baseline -0.001 -29"><span class='ocrx_word' id='word_1_283' title='bbox 224 4242 254 4280; x_wconf 83' lang='lat' dir='ltr'><strong>v.</strong></span> <span class='ocrx_word' id='word_1_284' title='bbox 278 4219 349 4282; x_wconf 90' lang='grc'><strong>299.</strong></span> <span class='ocrx_word' id='word_1_285' title='bbox 515 4216 645 4309; x_wconf 76' lang='grc' dir='ltr'><em>ἡμετέρῳ</em></span> <span class='ocrx_word' id='word_1_286' title='bbox 666 4219 723 4284; x_wconf 78' lang='grc' dir='ltr'><strong>ἕνί</strong></span> <span class='ocrx_word' id='word_1_287' title='bbox 744 4220 926 4301; x_wconf 84' lang='grc' dir='ltr'><em>μαίνεται</em></span> <span class='ocrx_word' id='word_1_288' title='bbox 944 4222 1045 4301; x_wconf 75' lang='grc' dir='ltr'><em>αἵματι</em></span> <span class='ocrx_word' id='word_1_289' title='bbox 1066 4212 1174 4299; x_wconf 61' lang='grc' dir='ltr'><strong>θορόν.</strong></span> <span class='ocrx_word' id='word_1_290' title='bbox 1419 4220 1421 4289; x_wconf 71' lang='lat' dir='ltr'><strong>i</strong></span> 
     </span>
     <span class='ocr_line' id='line_1_38' title="bbox 225 4310 1421 4403; baseline 0 -22"><span class='ocrx_word' id='word_1_291' title='bbox 225 4322 310 4399; x_wconf 73' lang='lat' dir='ltr'><strong>Lege</strong></span> <span class='ocrx_word' id='word_1_292' title='bbox 340 4318 589 4396; x_wconf 76' lang='grc' dir='ltr'><em>ἐπιμαίνεται.</em></span> <span class='ocrx_word' id='word_1_293' title='bbox 617 4359 659 4367; x_wconf 84' lang='grc'>-</span> <span class='ocrx_word' id='word_1_294' title='bbox 690 4343 721 4382; x_wconf 87' lang='lat' dir='ltr'><strong>v.</strong></span> <span class='ocrx_word' id='word_1_295' title='bbox 746 4320 819 4382; x_wconf 89' lang='grc'><strong>392.</strong></span> <span class='ocrx_word' id='word_1_296' title='bbox 851 4343 907 4402; x_wconf 89' lang='lat' dir='ltr'><strong>pro</strong></span> <span class='ocrx_word' id='word_1_297' title='bbox 938 4323 1095 4403; x_wconf 71' lang='grc' dir='ltr'><em>παρειῇσιν</em></span> <span class='ocrx_word' id='word_1_298' title='bbox 1122 4310 1153 4381; x_wconf 81' lang='lat' dir='ltr'><strong>d’</strong></span> <span class='ocrx_word' id='word_1_299' title='bbox 1183 4315 1231 4378; x_wconf 69' lang='grc' dir='ltr'><strong>ἐπί</strong></span> <span class='ocrx_word' id='word_1_300' title='bbox 1259 4311 1364 4397; x_wconf 62' lang='lat' dir='ltr'><strong>daim</strong></span> <span class='ocrx_word' id='word_1_301' title='bbox 1420 4312 1421 4381; x_wconf 62' lang='grc' dir='ltr'>Ϊ</span> 
     </span>
     <span class='ocr_line' id='line_1_39' title="bbox 227 4409 1360 4502; baseline 0.002 -26"><span class='ocrx_word' id='word_1_302' title='bbox 227 4412 362 4477; x_wconf 76' lang='grc' dir='ltr'><em>Αὐαλέον</em></span> <span class='ocrx_word' id='word_1_303' title='bbox 386 4419 580 4496; x_wconf 81' lang='grc' dir='ltr'><em>περίκειτο</em></span> <span class='ocrx_word' id='word_1_304' title='bbox 601 4423 703 4483; x_wconf 80' lang='lat' dir='ltr'><strong>malim</strong></span> <span class='ocrx_word' id='word_1_305' title='bbox 726 4425 927 4502; x_wconf 82' lang='grc' dir='ltr'><em>περιχεῖτο.</em></span> <span class='ocrx_word' id='word_1_306' title='bbox 951 4455 987 4466; x_wconf 86' lang='grc'><em>-</em></span> <span class='ocrx_word' id='word_1_307' title='bbox 1017 4441 1048 4482; x_wconf 89' lang='lat' dir='ltr'><strong>v.</strong></span> <span class='ocrx_word' id='word_1_308' title='bbox 1069 4419 1141 4479; x_wconf 88' lang='grc'><strong>461.</strong></span> <span class='ocrx_word' id='word_1_309' title='bbox 1163 4440 1220 4499; x_wconf 82' lang='lat' dir='ltr'><strong>pro</strong></span> <span class='ocrx_word' id='word_1_310' title='bbox 1244 4409 1302 4478; x_wconf 76' lang='grc' dir='ltr'><strong>οὖν</strong></span> <span class='ocrx_word' id='word_1_311' title='bbox 1326 4409 1360 4491; x_wconf 85' lang='lat' dir='ltr'><strong>d&#39;</strong></span> 
     </span>
    </p>
   </div>
   <div class='ocr_carea' id='block_1_5' title="bbox 0 0 1446 5184">
    <p class='ocr_par' dir='ltr' id='par_1_10' title="bbox 0 0 1446 5184">
     <span class='ocr_line' id='line_1_40' title="bbox 0 0 1446 5184; baseline 0 0"><span class='ocrx_word' id='word_1_312' title='bbox 0 0 1446 5184; x_wconf 95' lang='lat' dir='ltr'><strong> </strong></span> 
     </span>
    </p>
   </div>
  </div>
 </body>
</html>
