2884 5184
252 402 294 464 42
586 414 772 476 parsurus
795 414 1058 466 susurrans.

253 590 344 650 Patet
363 590 529 668 legendum
551 608 621 650 esse
643 587 681 649 οί
695 587 714 648 d
720 585 734 649 λ
754 586 807 649 ταί
828 581 912 651 αὗταί
934 612 976 651 so.
1000 592 1140 670 'Ihojani

252 712 283 751 v.
302 687 353 750 23.
380 682 418 751 δν
433 683 500 750 ποτ’
522 683 710 771 ἔριφδοδειοιο
731 682 803 765 Διδς
824 684 923 774 δάμαρ
944 684 1135 773 ἀνθρώποισι

379 783 471 869 Aqroi
491 784 534 870 δὴ
559 782 717 870 ἀνέφηνεν.

252 895 315 954 Vix
335 894 503 967 dubitabis,
525 895 634 974 reponi
654 894 783 967 debere,
802 884 895 970 Aqroi
916 891 934 952 δ
940 882 965 952 δ’
986 881 1189 969 ἆνίφηνεν.

252 1018 282 1055 v.
299 994 350 1055 93.
378 986 411 1067 δς
430 988 469 1074 ῥά
487 1015 518 1054 τε
539 992 699 1073 Ιίοιροιιίην
715 982 775 1054 διεδ
797 987 922 1075 δειράδα
942 986 1148 1069 ναιετάασκεν,

378 1092 488 1176 πίτρην
507 1087 543 1155 θ’
556 1087 732 1172 Ἡφαίστοιο
753 1093 1007 1175 περίφρονος,
1025 1085 1047 1173 ἥ
1067 1115 1097 1153 τε
1116 1095 1246 1174 βροτοῖσι

380 1200 488 1275 θαῦμα
506 1194 602 1258 πέλει·
625 1187 664 1275 δὴ
682 1189 742 1275 γάρ
762 1218 814 1274 μιν
835 1192 986 1257 ἕναίδειαι
1008 1186 1163 1273 ἆιιιὶματον
1182 1196 1256 1275 πῦρ,

380 1291 523 1378 δι’σβεστον
546 1291 652 1371 νυκτός
670 1319 701 1358 τε
720 1294 772 1357 nul
790 1290 910 1376 ἤματος.

251 1404 323 1482 Ipse
344 1403 490 1461 orationis
514 1422 614 1461 nexus
636 1422 673 1461 eo
696 1399 810 1460 ducere
829 1398 967 1474 videtur,
986 1410 1020 1460 ut
1041 1421 1096 1481 pro
1118 1398 1316 1480 περίφρονος,
1337 1402 1377 1458 oui

251 1503 386 1585 epitheto
413 1503 499 1563 nulla
527 1505 578 1563 hio
610 1506 658 1563 vis
682 1512 743 1577 est,
767 1521 950 1581 reponamus
978 1499 1229 1581 πορίφλογον,
1256 1502 1300 1562 de
1327 1522 1378 1582 que

250 1625 328 1664 vose
359 1605 535 1666 conferatur
564 1606 776 1666 recentissima
805 1603 916 1663 Lexiei
949 1602 1093 1663 Schneid.
1125 1603 1236 1677 editio,
1272 1613 1307 1663 et
1331 1623 1377 1662 suo

250 1706 319 1765 loeo
340 1707 421 1765 etin
443 1704 613 1765 Addendis.

249 1802 359 1866 utor.
373 1803 443 1865 103.
462 1803 514 1864 καί
534 1803 572 1884 βα
589 1797 650 1889 νόῳ
671 1800 721 1865 καί
742 1801 821 1885 χερσί
843 1802 894 1866 καί
914 1797 1043 1883 ὄμμασιν
1063 1797 1224 1864 ίθδνεσιιεν

461 1896 509 1966 clv
529 1896 588 1967 ἀπὸ
605 1908 769 1984 γναμπτοῖο
787 1899 946 1986 κεράατος·
968 1894 1000 1978 do
1022 1897 1051 1966 δ’
1072 1895 1269 1984 ἀλεγεινὸς

460 1992 624 2084 divelleris
642 1997 702 2067 dud
723 1998 817 2086 χειρὸς
838 2003 867 2080 ἒς
888 2001 993 2088 ἇνίρα·
1011 2012 1053 2091 τῷ
1075 1995 1104 2067 δ’
1122 1997 1196 2067 διεδ
1217 1996 1313 2089 νευρὴ

461 2107 546 2171 εἰσέτι
563 2129 623 2171 πον
643 2100 770 2187 κανάχιζ
801 2151 810 2167 .

249 2213 335 2291 Lege
355 2200 506 2291 ἆλεγεινδν
527 2221 558 2272 et
575 2212 613 2292 τᾷ
631 2200 661 2270 δ’
679 2206 735 2269 ἐπί.
754 2210 994 2271 Rhodomannus
1016 2212 1166 2271 maluerat
1186 2214 1240 2270 τοῦ
1259 2202 1292 2270 δ’
1316 2200 1377 2269 det.

249 2350 291 2359 —
308 2336 338 2373 v.
360 2311 430 2373 120.
453 2314 550 2374 verba
571 2309 638 2393 περὶ
658 2315 788 2394 πληγῇσι
805 2334 867 2373 non
886 2314 1041 2391 intelligo;
1064 2333 1166 2394 neque
1181 2320 1303 2386 tamen,
1326 2330 1378 2392 qua

249 2418 367 2477 ratione
390 2417 532 2477 affectum
552 2417 653 2475 locum
674 2417 846 2489 restituam,
867 2417 941 2475 mihi
963 2416 1121 2475 succurrit.

247 2514 359 2576 v.125.
377 2508 416 2588 ὦς
436 2507 465 2576 δ’
487 2505 533 2575 δι’
559 2511 763 2594 ἐπιβρίσαντος
782 2508 951 2597 εἶπειρεσίοο
969 2504 1089 2593 ἆνίμοιο

375 2606 500 2695 λαβρδν,
521 2608 596 2674 ὑπαὶ
616 2613 704 2695 ῥιπῆς
727 2613 888 2697 βαροηχίος
909 2609 1030 2688 ἄλλυδις
1050 2606 1125 2676 ἄλλα

376 2713 498 2795 δένδρεα
518 2707 619 2796 μακρὰ
637 2714 777 2801 πέσῃσιν,
798 2708 852 2778 ὕπ’
876 2715 909 2778 ἐκ
930 2716 1019 2797 ῥιζῶν
1039 2709 1195 2797 ἕριιιόντα,

375 2809 505 2891 ἄλσεος
522 2806 735 2896 εδπεδίοιο,
757 2816 857 2898 βρέμει
878 2816 912 2881 δέ
928 2839 958 2880 τε
974 2821 1057 2878 πᾶσα
1076 2815 1143 2898 περὶ
1162 2810 1258 2896 χθών.

246 2922 318 2983 Vox
337 2909 485 2996 εδιιίδιος,
506 2928 540 2981 ut
561 2941 671 3000 perse
692 2922 769 2981 nihil
789 2921 898 2996 habet,
920 2942 939 2981 a
960 2941 1020 3002 quo
1042 2940 1142 2980 sermo
1166 2919 1311 2982 Graecus
1331 2923 1376 2981 ab·

246 3022 385 3096 horreat,
410 3023 454 3083 ita
481 3031 584 3083 tamen
610 3024 690 3084 omni
715 3023 979 3101 consanguinitate
1004 3029 1102 3094 earet,
1133 3032 1264 3102 exeepto
1292 3025 1376 3083 nnioo

246 3112 417 3202 sipontino,
441 3123 523 3202 quod
540 3133 643 3184 tamen
665 3123 744 3183 alius
760 3131 808 3185 est
824 3125 956 3202 generis.
991 3123 1082 3202 Epioi
1095 3143 1169 3183 vero
1184 3125 1376 3201 posteriores,

247 3225 274 3284 si
302 3223 424 3302 quando
452 3222 528 3281 talia
554 3233 762 3297 novaverunt,
791 3223 1020 3285 similitudinem
1042 3222 1195 3304 quandam
1220 3243 1290 3283 eum
1317 3226 1376 3284 aliis

245 3323 373 3384 vocibus
396 3330 612 3402 captaverunt,
630 3330 664 3383 ut
684 3325 786 3385 statim
807 3328 906 3409 perito
928 3335 959 3385 et
978 3327 1010 3384 in
1025 3324 1180 3385 veteribus
1195 3326 1299 3403 poetis
1316 3345 1375 3384 ver·

245 3431 312 3485 sate
341 3423 451 3483 lectori
480 3432 658 3503 appareret,
694 3426 838 3507 quidnam
864 3433 994 3487 novator
1022 3426 1055 3485 in
1079 3427 1179 3484 animo
1208 3425 1375 3487 habuisset.

246 3525 310 3611 Sed
334 3525 410 3585 nihil
438 3524 588 3603 ejusmodi
605 3526 639 3584 in
659 3527 718 3586 hao
740 3549 817 3588 vooe
838 3537 977 3608 apparet.
1020 3527 1135 3586 Perse
1157 3524 1281 3605 quidem
1309 3546 1375 3587 ane·

243 3629 345 3707 logiae
365 3648 429 3688 non
447 3635 614 3707 repugnat3
646 3649 754 3689 verum
786 3622 874 3700 ἄλσος
895 3617 1034 3688 εὖπέδιον
1054 3648 1108 3688 eur
1139 3626 1252 3686 dixerit
1272 3635 1376 3706 potita,

245 3750 376 3812 quonam
397 3730 457 3789 hoo
476 3729 632 3802 retulerit,
656 3750 724 3789 oum
743 3748 875 3811 quonam
896 3735 1034 3789 veterum
1048 3728 1215 3807 Epioorum
1235 3747 1321 3788 vooe
1339 3729 1376 3788 sie

244 3831 413 3892 aemulatus
438 3832 527 3911 quasi
554 3830 661 3903 fuerit,
698 3832 753 3890 vix
780 3829 906 3890 dixeris.
955 3829 1058 3910 Atque
1092 3849 1149 3909 per
1179 3848 1213 3888 se
1242 3844 1376 3911 qnoque,

244 3932 389 4014 quidnam
414 3932 473 3992 hoo
497 3931 653 4012 epitheton
672 3931 731 3993 sibi
752 3931 842 4004 velit,
871 3951 933 3990 non
954 3931 1105 4007 intelligo.
1149 3930 1188 3987 Ιιι
1206 3933 1300 4004 fertili
1320 3937 1376 3991 luco

241 4035 336 4094 habet
360 4034 572 4114 interpretatio
593 4030 819 4093 Rhodomanni.
852 4014 985 4102 εδπέδιος
1009 4052 1072 4091 non
1097 4037 1143 4090 est
1164 4030 1294 4103 fertilis,
1325 4029 1376 4091 sed

240 4134 293 4193 vel
314 4136 382 4192 hene
401 4138 431 4191 ιἰι
442 4139 530 4208 plone
547 4139 628 4203 situs,
650 4134 701 4192 vel
720 4137 834 4207 planos.
857 4131 920 4203 Sed
934 4132 992 4191 hoo
1008 4132 1166 4211 epitheton
1177 4150 1222 4190 ne
1238 4132 1375 4192 ornantis

242 4233 364 4312 quidem
387 4234 510 4294 nomine
531 4235 558 4293 is
580 4233 741 4310 insigniet,
771 4235 823 4314 qui
846 4234 953 4293 horum
976 4233 1195 4319 epithetorum,
1223 4251 1307 4312 quae
1332 4252 1374 4293 or·

240 4333 346 4393 nantia
371 4330 534 4407 vocantur,
561 4342 701 4394 naturam
722 4343 916 4415 perspectam
937 4333 1041 4394 habet.
1086 4331 1183 4392 Salva
1204 4352 1254 4393 res
1274 4335 1375 4393 estin

241 4451 294 4504 eo,
315 4432 398 4511 quod
420 4433 477 4491 soli
492 4433 715 4493 Rhodomanno
738 4438 974 4515 exconjectura
994 4435 1074 4495 hane
1089 4452 1198 4494 vocem
1216 4444 1375 4516 acceptam
