2884 5184
226 464 302 512 XXII
536 454 622 500 VITA
642 453 721 499 CAR.
745 449 875 497 LUDOV.
899 446 1044 495 STRUVE.

228 633 386 716 scriptum
407 635 492 690 erat:
514 619 697 686 Consilium
727 621 767 683 de
795 641 882 684 nova
905 616 1051 681 editione
1079 615 1111 678 S.
1136 616 1177 677 A.
1202 613 1367 698 Propertii

228 753 306 797 mox
328 723 529 793 adornanda.
573 720 714 806 Dorpati
737 722 827 783 1806.
845 718 901 803 (39
923 741 977 803 pp.
998 717 1043 801 8.)
1066 715 1189 779 Verum
1210 724 1247 777 ut
1263 712 1369 776 multa

230 833 305 914 alia,
323 832 370 893 ita
389 829 487 891 etiam
510 823 570 886 hoc
592 820 785 900 consilium,
805 840 883 882 mox
904 818 978 881 aliis
1002 818 1121 881 studiis
1146 816 1292 877 animum
1314 813 1369 876 de-

229 927 461 1006 vincientibus,
484 924 616 1009 abjecit.
661 921 789 984 Eodem
811 920 880 983 fere
903 929 1048 1005 tempore
1068 917 1278 983 Christianus
1296 914 1377 977 Fri--

231 1032 361 1096 tiericus
382 1025 558 1105 Matthaei,
595 1022 763 1108 professor
798 1022 966 1085 literarum
995 1022 1202 1105 antiquarum
1233 1017 1269 1079 in
1297 1016 1372 1078 uni-

230 1131 387 1196 versitate
404 1125 613 1212 Mosquensi,
637 1123 758 1187 librum
780 1121 929 1184 ediderat
946 1143 1085 1206 magnae
1112 1116 1372 1204 exspectationis

233 1231 293 1296 sub
312 1228 424 1293 titulo:
450 1226 732 1312 Clytaemnestrae
750 1221 939 1306 tragoediae
956 1220 1126 1308 Sophoclis
1149 1219 1373 1303 fragmentum

234 1331 393 1397 ineditum
415 1351 433 1392 e
454 1327 566 1392 codice
585 1325 782 1409 Augustano
806 1334 839 1387 et
860 1321 1047 1408 apographo
1066 1319 1295 1384 Alexandrino
1315 1318 1373 1382 ad-

235 1434 312 1496 ditis
334 1427 674 1495 animadversionibus
697 1436 731 1489 et
752 1426 1021 1511 interpretatione
1043 1423 1175 1486 Latina.
1210 1421 1373 1505 Mosquac

237 1532 328 1594 1805.
353 1528 462 1612 (VIII.
486 1531 526 1590 55
548 1550 602 1613 pp.
624 1527 682 1611 4.).
708 1526 806 1607 Quod
826 1547 926 1613 quum
948 1524 1179 1609 fragmentum,
1201 1544 1308 1608 usque
1330 1521 1375 1584 ad

236 1629 319 1696 illud
343 1637 470 1709 tempus
496 1630 659 1712 ignotum,
689 1650 809 1713 magno
837 1629 983 1693 virorum
1013 1623 1182 1688 doctorum
1210 1621 1375 1710 applausu

238 1716 459 1812 ericiperetur,
480 1727 616 1806 Struve,
648 1750 713 1813 qua
739 1738 811 1792 erat
838 1731 874 1793 in
903 1726 1008 1790 literis
1040 1726 1215 1788 severitate
1238 1733 1272 1787 et
1299 1721 1375 1787 reli·

181 1913 183 1917 ,
239 1829 354 1914 gione,
376 1820 497 1884 librum
518 1825 603 1890 hunc
623 1835 749 1892 attento
771 1829 880 1892 animo
910 1826 1126 1907 examinavit,
1154 1834 1188 1888 et
1208 1846 1287 1889 mox
1309 1826 1376 1888 sin·

240 1927 327 2013 gulis
346 1923 429 1987 bene
452 1927 630 2007 perpensis,
654 1951 754 2013 quum
775 1948 968 2014 persuasum
995 1926 1144 2008 haberet,
1173 1948 1239 1990 non
1273 1948 1294 1988 a
1318 1925 1376 1988 So-

240 2024 356 2112 phocle
380 2021 533 2104 scriptam
557 2037 628 2078 θθθθ
647 2028 731 2092 hanc
749 2028 913 2109 fabulam,
936 2029 1132 2092 sententiam
1155 2048 1246 2090 suam
1268 2026 1377 2089 fusius

242 2124 395 2211 exposuit
410 2122 446 2184 in
464 2117 563 2182 libro:
587 2114 767 2208 Sophoclis,
783 2138 820 2193 ut
837 2129 963 2211 volunt,
987 2127 1267 2213 Clytaemnestrae
1287 2125 1377 2210 frag-

242 2233 387 2290 mentum
411 2227 485 2307 post
514 2217 691 2280 editiffllem
718 2219 945 2313 Musquensem
966 2230 1148 2317 principem
1171 2228 1224 2291 edi
1247 2228 1379 2292 curavit

242 2327 328 2391 notis
348 2321 486 2408 adjectis
509 2317 546 2382 Ο.
569 2316 609 2380 L.
633 2316 762 2380 Struve.
782 2325 897 2413 Rigag
924 2333 1014 2395 1807,
1050 2328 1140 2416 (LII,
1172 2331 1232 2392 220
1251 2352 1306 2415 pp,
1328 2328 1377 2414 8,)

244 2426 414 2491 Eximium
437 2420 599 2498 studium,
621 2426 658 2480 ut
684 2425 800 2501 postea
821 2445 963 2514 semper,
985 2433 1033 2494 ita
1056 2432 1127 2515 jam
1148 2440 1217 2495 tum
1239 2432 1380 2495 navavit

245 2524 477 2612 grammaticae
499 2528 532 2582 et
551 2518 692 2581 Latinae
715 2515 912 2583 stGraecae.
932 2532 1029 2597 Anno
1054 2534 1145 2596 1813,
1168 2553 1381 2619 pmgmmma

246 2623 350 2689 edidit
372 2622 412 2684 de
442 2618 661 2682 declinatione
682 2614 814 2676 Latina.
859 2615 899 2677 In
926 2623 984 2692 hm
1011 2631 1112 2713 libro,
1141 2655 1237 2719 quem
1262 2640 1381 2718 postea

126 2785 128 2788 ,
246 2724 424 2805 auctiorem
447 2728 479 2783 et
495 2716 738 2803 locupletiorem
760 2717 878 2778 iterum
896 2720 998 2784 edidit
1007 2727 1206 2816 Ragimontii
1228 2752 1257 2794 a,
1283 2733 1378 2799 1823,

250 2822 373 2909 [Uebcr
393 2821 446 2884 die
468 2818 660 2883 lateinische
675 2814 887 2879 Declination
908 2818 976 2881 und
998 2820 1223 2916 Coniugation‚
1244 2831 1379 2896 XVIII,

247 2926 308 2987 324
323 2945 378 3007 pp.
401 2920 457 3007 8.]‚
481 2922 647 3005 egregiam
668 2917 762 2983 varia
783 2916 1013 2981 formationum
1032 2944 1149 3007 genera
1169 2934 1381 2997 discernendi

247 3033 280 3088 ct
301 3020 468 3086 commode
490 3018 672 3085 adornandi
699 3027 803 3083 artem
825 3020 1038 3101 monstravit3
1069 3047 1150 3107 quae
1178 3033 1380 3120 disquisitio-

247 3146 323 3204 nes,
344 3145 386 3185 ex
407 3129 560 3184 accurata
581 3128 762 3204 poetarum,
782 3119 977 3203 scriptorum
991 3120 1151 3204 pedestris
1168 3136 1321 3198 orationis
1345 3143 1383 3198 et
1437 3130 1438 3159 ¹

121 3294 126 3303 ,
248 3227 393 3308 ipsorum
410 3221 696 3303 grammaticorum
714 3217 854 3283 lectione
877 3226 910 3282 et
930 3220 1038 3284 studio
1057 3220 1231 3308 profectae,
1239 3258 1382 3321 magnae

248 3325 279 3387 ei
315 3320 588 3385 commendationi
627 3317 716 3403 apud
750 3320 839 3383 viros
872 3321 984 3385 doctos
1015 3329 1201 3389 exterarum
1237 3339 1383 3412 gentium
1437 3326 1438 3365 l

248 3425 391 3487 fuerunt.
438 3420 506 3484 Sub
528 3418 615 3482 idem
635 3427 764 3506 tempus
771 3470 780 3503 ,
803 3429 840 3483 ut
857 3423 1013 3507 penuriae
1036 3421 1193 3487 librorum
1217 3425 1383 3501 scholasti
1437 3408 1438 3411 Ἴ

248 3545 359 3589 corum
381 3525 415 3586 in
442 3521 623 3608 provinciis
651 3520 788 3585 Balticis
814 3532 1034 3605 succurreret,
1064 3523 1107 3586 ad
1137 3530 1387 3609 grammaticam

249 3627 412 3690 Graecam
440 3621 601 3687 edendam
625 3643 659 3685 se
685 3623 847 3705 accinxit,
870 3632 903 3687 et
924 3625 1014 3709 prior
1041 3624 1113 3709 ejus
1140 3647 1233 3711 pars,
1262 3633 1388 3710 etymc

247 3725 352 3810 logia,
375 3723 555 3789 secundum
574 3721 810 3808 praefationem
833 3745 862 3786 a.
888 3725 979 3788 1814.
1001 3724 1091 3809 Majo
1113 3747 1225 3789 mense
1245 3725 1391 3812 Dorpati

248 3828 403 3912 scriptam
423 3826 494 3909 jam
516 3844 546 3886 a.
561 3824 653 3885 1808.
675 3832 885 3909 praeparata,
907 3846 936 3886 a.
961 3825 1090 3889 demum
1108 3829 1200 3890 1816.
1223 3828 1258 3890 in
1280 3825 1391 3892 lucem

246 3926 369 4010 prodiit
388 3924 450 3987 sub
471 3921 581 3984 titulo:
604 3923 818 3987 Griechische
843 3927 1051 3991 Grammatik
1080 3927 1133 3990 fiir
1160 3926 1214 3989 die
1239 3927 1391 4012 Gymna-
1437 3930 1438 3997 l

249 4027 320 4087 sien
344 4022 401 4084 des
424 4019 647 4088 Lehrbezirks
670 4022 730 4084 der
749 4023 979 4090 Kaiserlichen
1000 4027 1207 4092 Universitat
1236 4050 1278 4090 zu
1299 4028 1389 4093 Dor·
1437 4008 1438 4063 3

245 4132 319 4207 pat,
343 4118 521 4199 eademque
543 4120 631 4202 prior
652 4143 729 4206 pars
753 4147 782 4186 a.
815 4128 905 4189 1823.
930 4128 1082 4192 secundis
1105 4131 1193 4193 curis
1219 4139 1269 4193 est
1293 4153 1390 4218 repe-

246 4222 316 4282 tita.
363 4216 403 4276 In
424 4217 531 4279 animo
555 4220 585 4280 ei
607 4227 676 4282 tum
694 4232 780 4304 erat,
802 4234 840 4288 ut
868 4248 911 4288 ex
933 4226 1068 4291 alterius
1095 4230 1249 4294 editionis
1271 4254 1388 4318 prooe-

246 4316 311 4377 mio
333 4320 439 4398 patet,
460 4314 595 4380 alteram
616 4329 759 4403 partem,
787 4347 851 4409 qua
872 4328 1022 4411 syntaxis
1045 4328 1174 4393 Graeca
1204 4353 1387 4417 exponere-

246 4419 315 4497 tur,
336 4412 430 4479 brcvi
459 4415 597 4498 addere3
635 4427 779 4486 attamen
807 4423 861 4488 hic
888 4447 1017 4514 quoque
1052 4426 1135 4494 liber
1161 4433 1197 4496 in
1227 4454 1387 4519 magnum
