2884 5184
312 463 424 510 aron
452 463 735 511 nlcnlurmn
758 463 899 511 oav1l.
1121 452 1161 515 93

38 656 69 693 ou
87 655 188 710 amoc,
211 636 272 695 nbi
297 646 385 696 notes
407 650 509 712 κοσμει
535 657 591 716 pro
620 628 733 712 κόσμου
764 645 795 696 et
826 656 862 695 oa
875 649 939 716 'pro
959 639 1012 711 θς,
1039 638 1072 697 in
1101 659 1161 719 qua

38 737 178 814 scriptura
198 756 217 793 o
240 756 300 815 pro
320 740 345 793 θ
366 736 489 814 saepius
509 734 706 797 observatum
728 742 788 807 est,
811 754 830 792 u
853 754 907 813 pro
936 755 1039 805 ivero
1066 737 1161 796 semel

38 844 84 894 aut
101 836 157 895 bis.
181 837 225 894 cf.
251 845 357 896 notam
375 835 416 894 ad
443 834 468 909 l,
488 834 517 908 6,
541 835 591 893 15.
637 835 751 896 Cetera
771 835 848 894 vitia
869 834 979 897 leviora
997 846 1075 896 sunt.

111 935 140 995 8.
164 937 196 996 9.
228 935 404 997 Haeduae
426 937 530 995 lineae
550 938 707 997 continent
727 937 843 996 exitum
861 954 959 997 versut
981 939 1075 1011 tertii,
1099 960 1160 999 una

38 1039 222 1118 comprima
244 1059 325 1098 voce
344 1033 396 1097 acl
418 1038 451 1097 in
475 1058 566 1099 versu
589 1046 708 1119 quarto.
753 1038 874 1097 Literae
901 1037 1025 1114 singulae
1051 1040 1094 1098 sic
1114 1040 1158 1098 lc-

35 1139 142 1216 gendas
166 1138 283 1198 credo:
304 1142 352 1214 θμ
372 1138 518 1216 εισσεβεας
539 1158 570 1197 τε
589 1144 679 1214 (και),
698 1138 752 1197 ubi
772 1141 819 1214 θμ
840 1138 1009 1218 scriperem
1027 1139 1158 1199 Lactan-

35 1240 65 1296 tii
92 1229 127 1296 d’
153 1230 221 1316 ἅμα
254 1240 429 1313 confirmat,
457 1260 513 1319 pro
547 1260 607 1321 qua
636 1238 801 1318 Sibyllini,
834 1248 869 1298 ut
897 1241 1031 1314 vicimus,
1063 1240 1159 1300 vitato

35 1340 111 1397 hiatu
130 1330 195 1416 tipo
216 1329 247 1398 τ’
273 1340 429 1399 exhibent.
474 1338 538 1401 Sed
558 1342 675 1400 hiatum
696 1341 788 1399 istum
808 1349 872 1399 tum
893 1341 926 1399 in
940 1342 1107 1403 rnivereum
1127 1341 1159 1398 in

35 1439 77 1496 his
93 1441 240 1500 versibus
260 1450 335 1500 tum»
354 1422 521 1521 praecipue
549 1441 583 1499 in
609 1441 669 1500 hac
691 1440 863 1500 hexametri
887 1440 951 1501 sede
977 1461 1040 1500 non
1061 1441 1157 1500 refor-

36 1539 118 1613 mido.
161 1542 202 1600 In
227 1562 269 1601 ea
284 1562 378 1614 voce,
403 1561 495 1622 quam
516 1542 661 1619 εισσεβεας
687 1563 744 1621 pro
770 1530 904 1619 εὖσεβὲας
930 1543 1043 1622 seipsi,
1070 1539 1158 1599 vides
1176 1556 1200 1597 or

37 1649 98 1716 post
115 1642 252 1721 primum
272 1658 290 1701 σ
308 1644 438 1722 figuram
467 1656 500 1719 Λ,
519 1662 610 1722 quam
630 1662 693 1702 non
711 1642 810 1701 minus
831 1662 887 1721 per
906 1644 1078 1723 conpressi.
1120 1640 1159 1700 Id

38 1759 103 1800 vero
125 1743 203 1817 feci,
237 1746 384 1825 quoniam
411 1753 475 1804 tum
503 1746 537 1805 in
560 1765 652 1805 versu
679 1745 822 1826 sequenti
847 1745 879 1804 in
910 1764 978 1805 vom
1003 1732 1160 1821 δυσσεβίας

39 1841 137 1903 eadem
158 1845 275 1906 eodem
292 1846 362 1905 loco
382 1847 527 1919 recurrit,
554 1855 619 1906 tum
645 1867 737 1920 vero,
765 1846 923 1927 quoniam,
950 1846 1076 1927 qramvie
1103 1864 1159 1923 per

40 1945 203 2005 danobis
226 1967 378 2026 expressa
400 1949 455 2020 sit,
483 1950 515 2007 in
541 1948 647 2009 codice
670 1957 775 2008 tamen
795 1949 843 2007 hie
866 1946 973 2009 duobut
992 1955 1107 2007 tantum
1126 1946 1158 2002 in

40 2040 106 2101 locis
128 2047 286 2121 ejusmodi
307 2050 464 2108 literarum
484 2049 591 2109 ductus
614 2070 648 2110 se
677 2050 846 2122 obtulerat,
878 2070 967 2130 quem
987 2048 1063 2107 aliae
1091 2046 1156 2126 qui·

41 2139 100 2201 dem
119 2166 181 2205 non
203 2148 355 2223 vidimus,
378 2149 434 2210 sed
461 2171 553 2231 quem
574 2151 759 2210 simillimum
784 2150 894 2210 literae
918 2162 940 2213 Λ
964 2149 996 2208 eb
1017 2158 1159 2226 typorum

43 2242 159 2305 aliorum
182 2248 341 2310 defectum
362 2252 420 2311 boc
440 2253 528 2329 signo
548 2251 746 2312 reddidimus.

78 2375 87 2395 ·.
119 2345 167 2406 10.
193 2350 246 2408 11.
272 2349 319 2409 12.
345 2350 394 2412 13.
420 2352 469 2410 14.
494 2350 543 2409 15.
570 2353 641 2412 Hae
663 2354 799 2432 quinque
824 2350 927 2408 lineae
954 2354 1068 2407 servant
1089 2364 1158 2405 ver·

44 2464 99 2503 sum
127 2461 274 2528 quartum
302 2475 370 2513 cum
395 2455 482 2514 initio
509 2455 609 2535 quinti
633 2474 685 2513 και
709 2472 773 2512 τοτε
803 2449 975 2527 ddcdccdccc
997 2467 1069 2525 ημεν
1093 2448 1160 2503 ueto

44 2547 120 2623 οζβον
137 2570 169 2608 εν
190 2573 267 2632 πυρι
284 2569 403 2632 τεμψει,
425 2571 507 2616 οσσοι
530 2556 548 2614 d
569 2556 668 2634 ευσεβε
681 2571 733 2615 vot
750 2588 792 2598 -
811 2553 864 2612 ubi
885 2549 936 2611 acl
954 2538 1157 2613 1111111111-

43 2647 73 2703 fii
91 2649 241 2726 firmatur,
265 2676 332 2716 cum
354 2658 422 2737 ipsa
436 2655 590 2736 Sibyllina
610 2658 747 2717 habeant
765 2653 817 2716 nul
838 2646 915 2725 τούς.
953 2653 989 2711 In
1003 2645 1160 2727 δυσσεβέας

44 2756 119 2808 notee
135 2760 204 2814 ,tum
225 2756 345 2833 signum
363 2757 457 2831 illud,
480 2779 540 2840 quo
563 2760 685 2818 tertium
710 2772 729 2815 σ
758 2777 938 2837 expressum
967 2763 1019 2826 et,
1045 2763 1108 2812 tum
1136 2763 1158 2814 Λ

44 2865 90 2923 Pro
109 2873 128 2909 v
147 2857 299 2933 positum,
322 2859 404 2939 quod
425 2856 559 2919 nondum
581 2878 614 2917 se
638 2858 756 2916 obtulit.
800 2858 838 2916 In
862 2875 937 2933 ημεν
960 2860 1004 2934 prb
1029 2850 1083 2930 pla
1105 2852 1157 2909 ab·

44 2948 127 3011 undat
148 2958 250 3033 prima
270 2956 369 3017 litera.
414 2959 494 3017 Mira
518 2978 593 3017 vero
619 2957 799 3037 depravatio
828 2964 876 3015 eet
898 2955 981 3015 vocis
999 2943 1076 3027 ὑπὸ,
1103 2970 1159 3028 per

45 3046 194 3128 aet031‘nrb
218 3060 314 3132 enim,
337 3079 399 3118 non
421 3055 468 3118 ἐπὶ
491 3057 656 3136 legendum
685 3077 769 3130 esse,
800 3065 834 3115 ut
857 3056 1027 3115 Lactanfius
1056 3051 1159 3122 habet,

45 3159 117 3225 potet
144 3177 183 3216 ex
212 3158 376 3218 collatione
407 3158 628 3238 Sibyllinorum
658 3167 689 3218 et
719 3167 869 3238 perpetuo
895 3176 952 3216 usu
979 3157 1007 3217 in
1030 3152 1160 3212 formula

44 3239 94 3309 1)πό
111 3248 212 3332 ζόφον.
257 3260 355 3332 οξὴοΗ
377 3280 452 3319 vero
473 3268 580 3340 aperte
601 3251 693 3336 ζόφον
714 3268 777 3333 eet,
806 3260 911 3339 primia
933 3257 1041 3317 duabus
1063 3254 1160 3315 literis

44 3357 240 3435 transpositis,
264 3370 294 3419 et
313 3361 332 3419 b
354 3381 409 3440 pro
433 3362 469 3421 cb
490 3362 520 3420 b.
544 3382 570 3422 e.
593 3384 617 3438 φ
638 3362 761 3442 scripto.
796 3362 931 3443 Reliqua
952 3361 1063 3441 integra
1076 3377 1161 3417 man·

47 3466 153 3532 serunt,
176 3463 239 3521 nisi
261 3461 344 3543 quod
364 3480 380 3519 τ
400 3463 496 3522 semel
516 3484 571 3543 pro
593 3484 615 3522 π
634 3466 766 3544 positum
789 3473 849 3537 est,
874 3472 908 3522 ut
928 3464 1052 3541 saepius.
1096 3461 1162 3519 Iam

48 3548 122 3615 deest
143 3560 213 3621 finis
237 3564 335 3642 quinti
361 3584 486 3636 versus,
510 3573 540 3623 et
571 3565 689 3623 initium
710 3565 819 3623 ultimi.
864 3561 927 3622 Sed
950 3563 1033 3625 fineu
1054 3581 1161 3621 versus

48 3653 133 3717 ultimi
155 3665 312 3724 continent
332 3665 434 3724 lineae

122 3761 170 3821 16.
195 3764 243 3823 17.
268 3762 334 3838 18.,
359 3785 438 3846 quae
461 3766 506 3824 sic
526 3761 695 3841 legendae,
719 3762 822 3831 δοντος
844 3782 932 3837 τιμην
952 3765 1031 3837 dopo
1052 3782 1083 3819 κι
1096 3761 1164 3837 βιον

49 3874 151 3936 mole,
176 3866 230 3924 ubi
257 3874 342 3926 recte
372 3857 407 3923 θ’
437 3867 585 3924 insertum
612 3872 659 3922 est
686 3870 757 3942 post
787 3858 895 3937 τιμην,’
918 3861 1164 3941 quemadmodum

51 3955 129 4018 etiam
146 3962 300 4044 Sibyllina
320 3967 400 4025 hanc
426 3965 607 4045 particulam
630 3970 812 4041 agnoscunt,
841 3962 901 4020 nisi
929 3961 1007 4040 quod
1028 3955 1106 4039 ζωήν
1127 3944 1162 4019 θ’

50 4071 95 4128 110
112 4059 198 4143 τιμήν
217 4055 254 4124 θ’
277 4066 402 4126 habent.
839 4108 842 4114 .

373 4164 445 4222 Lm.
467 4163 539 4222 VII.
565 4181 639 4221 oar.
664 4160 714 4221 24.
738 4159 768 4236 ᾖ.
794 4160 822 4218 1.
1183 4171 1209 4212 oa

122 4302 138 4328 ,‚
146 4263 239 4320 Veniet
256 4267 339 4337 opiter
356 4267 456 4321 cummi
477 4271 503 4319 et
523 4266 642 4319 maximi
667 4265 712 4317 dei
734 4263 825 4333 filius,
853 4267 883 4316 at
903 4264 976 4316 vivos
996 4265 1168 4316 demortuos

52 4350 148 4429 iudicet,
170 4370 284 4419 maante
309 4371 390 4437 atque
417 4365 522 4419 dicente
548 4362 650 4434 Sibylla
679 4359 751 4437 (sio.
777 4368 835 4417 test.
865 4367 946 4433 atque
971 4361 1020 4414 dic.
1046 4378 1071 4417 c.
1098 4355 1167 4435 R.):

197 4453 317 4539 „neimo
338 4453 396 4541 γὰρ
414 4459 499 4539 γαίης
516 4453 580 4520 τότε
597 4461 721 4535 θνητῶν
742 4450 881 4538 σύγχυσις
902 4456 991 4535 ἔσται,
