2884 5184
447 460 787 509 nursrnsunrus
1121 449 1182 511 253

50 635 187 695 dandum.
234 638 338 697 Verba
360 646 431 696 sunt
452 637 545 696 haec:
569 624 638 695 ἄλλ’
663 634 802 718 Ἀκοντίιμ
824 633 905 714 (cum
924 638 988 695 ruri
1011 635 1105 713 esset)
1128 624 1185 695 oria

49 726 217 812 ἆμπελῶνος
236 735 350 815 ἔμελεν,
380 730 415 798 οὐ
437 729 608 813 οκαποὶνης·
636 729 755 813 μόνον
777 730 809 794 δὲ
830 734 981 815 (praestat
1006 729 1120 813 μόνος
1142 734 1184 812 δέ,

49 847 146 896 amant
170 840 252 897 enim
275 847 412 898 amantes
440 835 646 913 solitudinem)
675 840 782 915 φηγοὶς
809 827 1040 914 ὑποκαθήμενος
1067 827 1089 914 ἢ
1117 857 1184 897 πιε-

48 934 122 1009 λέαις
152 928 252 1015 ὁμίλει
279 930 393 997 τοιοίδε·
421 935 499 1014 εἴθε,
527 923 551 997 oi
575 936 699 1017 δένδρα,
728 935 779 998 καὶ
804 939 875 1010 νοῦς
899 930 972 1015 ὑμῖν
992 935 1106 1018 γένοιτο
1134 937 1185 999 καί

47 1031 150 1117 φανὴ,
172 1032 251 1111 ὅπως
272 1028 311 1099 ῶν
325 1037 421 1115 εἴπητε
442 1031 536 1114 μόνον
552 1039 695 1118 Κυδίππη
716 1036 805 1118 καλή·
826 1029 848 1118 ἢ
865 1041 941 1118 γοῦν
960 1042 1088 1101 τοσαῦτα
1109 1031 1185 1100 κατὰ

47 1142 102 1199 τῶν
124 1141 240 1217 φλοιῶν
263 1136 500 1218 ἐγκεκολαμμένα
524 1139 640 1221 <pipam
664 1134 838 1221 γράμματα,
866 1132 922 1200 ὅσα
948 1135 1003 1220 τὴν
1023 1141 1185 1218 Κυδίππην
1283 1195 1285 1200 .

48 1233 218 1319 ἐπονομάζει
240 1237 343 1318 καλήν.
387 1240 577 1321 Κυδίππη,
603 1237 723 1322 καλήν
743 1261 782 1304 σε
808 1239 871 1303 καὶ
893 1235 1052 1322 εὔορκον
1072 1262 1183 1323 προς-

47 1340 131 1402 είποο
161 1335 267 1420 ταχύ·
301 1339 396 1419 μηδὲ
417 1336 591 1421 ’Ἄρτεμις
618 1340 667 1403 ἐπὶ
695 1344 743 1405 σοί
763 1341 1008 1424 ποιναῖονβέλος
1029 1333 1106 1425 cipp
1133 1341 1184 1402 καὶ

47 1432 174 1526 ἆνὲλη·
212 1447 320 1519 μενεῖ
342 1440 374 1503 δὲ
399 1434 431 1503 τὸ
459 1446 548 1520 πῶμα
574 1446 784 1525 προςκείμενον
810 1449 846 1527 τῇ
875 1443 1015 1529 φαρέτρα.
1058 1446 1183 1505 Initium

47 1544 123 1604 bene
146 1566 180 1606 se
203 1546 297 1605 habet
319 1566 416 1626 usque
440 1545 480 1604 ad
496 1547 592 1606 verba
614 1540 785 1624 ἐπονομάζει
801 1540 913 1625 καληνς
936 1558 999 1607 tum
1017 1568 1091 1607 vero
1111 1566 1181 1605 con-

46 1647 200 1721 junctivus
222 1643 368 1727 apocrisia
389 1667 514 1725 prorsus
542 1648 682 1708 soloecus
712 1660 774 1723 est,
805 1670 907 1730 neque
935 1658 1038 1729 potest
1066 1657 1182 1728 optare,

48 1758 79 1805 ut
101 1769 168 1806 eam
187 1749 347 1828 pulchram
369 1758 400 1808 et
415 1749 610 1827 jurijurando
634 1751 828 1810 obedientem
849 1771 962 1810 vocare
984 1751 1094 1830 possit,
1115 1770 1183 1808 cum

48 1850 204 1924 pulchram
224 1871 291 1910 earn
302 1851 368 1928 jam
386 1852 515 1910 vocarit.
559 1850 649 1928 Quae
669 1862 837 1933 sequuntur
855 1849 928 1929 μηδὲ
946 1842 1011 1934 ἆφη
1026 1847 1078 1910 καὶ
1093 1840 1184 1932 ἆνίλη

49 1971 106 2008 non
124 1952 223 2010 minus
250 1953 374 2012 soloeca
401 1963 485 2028 sunt,
514 1974 585 2013 nam
613 1955 746 2034 optantis
773 1956 853 2015 foret
874 1947 964 2032 ἆφιίη
992 1950 1044 2013 καὶ
1068 1944 1184 2025 civitam

51 2060 76 2108 et
99 2051 182 2132 quod
199 2062 263 2111 tum
280 2054 418 2135 sequitur
435 2058 519 2130 μενεῖ
531 2053 564 2114 δέ
582 2057 699 2116 nullum
714 2078 782 2116 cum
797 2057 1054 2137 praecedentibus
1068 2076 1183 2114 nexum

50 2151 186 2211 admittit.
231 2154 318 2214 Nihil
347 2163 466 2214 mutans
494 2156 527 2213 in
554 2156 640 2214 initio
668 2158 789 2235 periodi
819 2177 917 2237 usque
945 2156 983 2214 ad
1007 2155 1104 2214 verba
1128 2145 1183 2212 ὅσα

49 2243 99 2327 τὴν
116 2252 278 2330 Κυδίππην
299 2246 471 2332 ἐπονομάζει
492 2249 601 2334 καλήν,
623 2277 703 2339 quae
726 2267 894 2337 sequuntur
916 2257 960 2316 sic
981 2255 1096 2327 scribo,
1120 2257 1182 2313 Κυ-

49 2351 139 2430 δίππη
160 2348 256 2432 καλήν
276 2377 400 2435 prorsus
424 2358 608 2438 explodens,
637 2357 716 2437 (fieri
740 2361 820 2419 enim
846 2359 958 2438 potuit,
987 2366 1022 2417 ut
1042 2354 1184 2432 Κυδίππη

48 2447 123 2532 καλή
136 2456 266 2534 margini
283 2459 508 2520 adscriberetur
524 2461 696 2541 abaliquo,
713 2462 766 2540 qui
780 2460 952 2539 significare
968 2461 1078 2534 vellet,
1101 2459 1182 2518 hunc

48 2557 263 2616 nominativum
281 2561 387 2619 cortici
401 2561 518 2620 arboris
539 2563 716 2642 inscriptum
732 2563 857 2644 fuisse):
882 2562 917 2623 εἴ
934 2580 971 2622 σε
992 2558 1055 2620 καὶ
1074 2553 1183 2639 εὔορ-

50 2648 274 2734 κονδμοίως
294 2661 539 2741 προςείποιμι
560 2656 667 2742 ταχὺ,
687 2655 736 2742 μη
758 2653 963 2743 ἡἎμτεμις
982 2660 1029 2723 ἐπὶ
1049 2659 1096 2722 σοὶ
1117 2681 1181 2721 ποι-

49 2764 133 2818 ναῖον
151 2757 232 2838 βέλοι
252 2750 330 2844 nimpi
352 2760 403 2821 καὶ
424 2752 556 2847 ἆνίλη,
586 2763 676 2849 μένη
706 2762 739 2824 δὲ
759 2754 792 2825 td
812 2768 901 2842 πῶμα
922 2764 1130 2843 προςκείμενον
1148 2763 1185 2843 τῇ

49 2857 187 2944 φαρέτρη.
232 2862 308 2937 Hic,
334 2867 495 2945 expunctis
514 2866 576 2925 illis
596 2867 725 2926 vocibus
740 2865 882 2943 Κυδίππη
900 2858 1011 2944 καλήν,
1036 2886 1115 2947 quae
1137 2867 1182 2924 ni·

49 2966 137 3024 mium
157 2973 304 3045 quantum
325 2968 441 3045 negotii
463 2966 673 3039 facessebant,
700 2965 882 3046 particulam
905 2968 1037 3043 optantis
1060 2966 1086 3024 εί
1103 2968 1182 3024 intu-

48 3068 149 3141 limus,
164 3087 235 3146 ,qua
252 3086 358 3126 carere
376 3068 463 3126 locus
478 3067 562 3125 nullo
584 3066 673 3126 modo
693 3086 784 3145 posse
803 3065 976 3125 videbatur.
1017 3066 1182 3125 Pulchram

50 3170 126 3226 enim
152 3167 300 3241 vocabat,
327 3177 358 3228 et
380 3170 452 3247 jure
481 3188 593 3228 vocare
621 3169 721 3248 potuit
743 3167 878 3248 puellam
902 3167 1036 3245 juvenis.
1088 3165 1184 3247 Optat

49 3289 118 3328 vero
141 3267 239 3341 idem,
267 3279 301 3329 ut
323 3270 454 3330 eandem
476 3270 568 3330 etiam
588 3269 696 3330 eodem
714 3269 820 3344 modo,
851 3290 912 3350 quo
934 3268 1092 3350 pulchram
1115 3289 1184 3328 eam

48 3379 150 3443 vocet,
181 3363 305 3449 εὔορκον
331 3392 444 3432 vocare
471 3374 585 3452 possit,
614 3394 673 3454 quo
702 3374 866 3454 respicitur
895 3373 935 3432 ad
958 3370 1183 3451 jusjurandum,

49 3470 129 3551 quod
150 3473 288 3551 quamvis
311 3472 422 3546 invita,
448 3483 551 3533 tamen
569 3477 726 3556 conceptis
741 3475 859 3547 verbis,
883 3494 963 3555 quae
981 3475 1013 3532 in
1027 3495 1117 3552 pomo
1139 3475 1182 3532 le·

47 3568 149 3648 gerat,
180 3574 212 3632 in
233 3575 346 3654 templo
369 3576 491 3634 Dianae
513 3576 634 3635 inierat.
678 3575 771 3653 Quod
794 3576 820 3633 si
845 3585 929 3635 recte
951 3572 1098 3646 vidimus,
1125 3574 1184 3633 hoc

48 3672 73 3731 εί
84 3675 135 3733 hic
152 3673 277 3747 deesse,
300 3682 365 3733 tum
385 3695 475 3735 nemo
496 3676 665 3755 optativum
681 3676 879 3755 προςείποιμι,
901 3674 953 3755 qui
969 3675 1052 3733 solus
1070 3675 1185 3753 probus

50 3784 94 3833 est
115 3776 147 3834 in
169 3775 227 3833 hac
249 3777 491 3849 constructione,
513 3776 692 3856 proscribet.
737 3775 848 3855 Neque
865 3775 896 3833 in
910 3770 1107 3834 Aristaeneto
1123 3776 1182 3833 sal-

48 3883 107 3934 tem
129 3896 242 3954 magna
265 3877 343 3937 haec
364 3887 411 3938 est
431 3878 574 3952 mutatio,
601 3897 672 3937 nam
693 3885 882 3958 quantopere
904 3878 936 3933 in
957 3876 1004 3934 his
1027 3874 1183 3933 modorum

48 3978 309 4038 terminationibus
330 3980 363 4038 in
383 3979 442 4039 hoc
458 3981 606 4060 scriptore
626 3980 779 4039 variatum
795 3978 848 4049 sit,
871 3968 1105 4035 monstravimus
1123 3977 1183 4034 alio

50 4078 127 4139 loco.
175 4080 234 4138 His
261 4080 305 4139 ita
332 4080 519 4153 constitutis,
557 4082 609 4141 vel
637 4079 831 4140 scribendum
857 4086 924 4137 erat
950 4072 1023 4152 μηδὲ
1049 4070 1185 4153 ’Ἄρτεμις

52 4212 91 4223 —
108 4215 151 4223 —-
171 4169 261 4258 ἆφείη
282 4177 333 4239 καὶ
355 4168 470 4255 ιἰνὲλοι,
492 4177 575 4256 μένοι
595 4178 628 4239 δέ
644 4180 709 4259 (ubi
731 4200 835 4238 omnes
855 4178 983 4257 optativi
1003 4176 1043 4235 ad
1059 4175 1086 4234 εί
1103 4176 1182 4234 refe·
1219 4204 1222 4211 ¹

52 4280 164 4360 rantur)
186 4281 254 4354 vel,
283 4281 363 4361 quod
384 4280 599 4360 praetulimus,
626 4273 667 4356 μή
688 4300 744 4358 pro
767 4276 842 4355 μηδέ
862 4277 1072 4348 scribendum,
1102 4277 1185 4356 quod

54 4400 109 4459 quo
131 4382 252 4441 facilius
275 4382 377 4454 fieret,
405 4371 446 4457 μὴ
468 4372 488 4459 ἡ
510 4380 709 4457 conjecimus,
731 4388 765 4438 ut
787 4379 944 4437 literarum
966 4378 1107 4437 ductibus
1131 4378 1183 4439 ob·

53 4500 254 4562 sequeremur.
304 4483 378 4542 Jam
405 4482 518 4562 optime
547 4482 625 4540 haec
653 4481 831 4540 continuata
864 4489 948 4540 sunt:
983 4481 1099 4539 utinam
1127 4481 1184 4552 Te,
