2884 5184
393 468 477 513 VITA
500 468 625 516 GAROL.
647 472 779 521 LUDOV.
802 475 947 529 STRUVE.
1115 491 1241 539 XXXVII

84 632 247 720 pertulit,
271 643 304 698 et
324 637 487 702 intentum
508 638 677 704 literarum
693 645 838 711 studium
859 671 1053 718 concussum
1072 614 1145 742 ejus
1168 660 1239 723 ani⁴

84 756 183 798 mum
211 735 254 799 ab
284 736 413 802 infirmo
444 739 608 805 desiderio
636 746 765 808 avertit.
831 751 979 817 Maxima
1004 753 1062 821 illo
1089 765 1236 844 tempore

86 837 160 900 fuit
189 860 299 901 rerum
327 839 400 925 ejus
437 839 690 907 domesticarum
726 854 908 916 conversio.
962 855 1059 919 Duae
1087 856 1174 922 filiae
1201 862 1237 925 in

86 939 342 1003 matrimonium
365 949 441 1003 sunt
461 940 574 1026 datae,
599 947 745 1010 maxima
767 961 848 1016 natu
871 952 957 1038 filia,
979 975 1064 1042 quae
1085 979 1144 1042 per
1164 958 1235 1045 plu-

86 1062 146 1104 res
175 1061 279 1104 annos
307 1039 448 1104 Altonae
478 1044 567 1128 apud
595 1069 676 1112 avos
706 1050 853 1134 vixerat,
881 1053 1012 1119 domum
1049 1056 1164 1141 rediit,
1198 1070 1235 1124 ut

87 1140 168 1205 foco
195 1143 303 1226 patrio
332 1153 511 1228 praeesset.
558 1146 686 1233 Insigni
724 1149 805 1215 haec
837 1155 868 1216 ei
905 1154 1121 1220 consolationi
1152 1167 1224 1224 erat

87 1264 195 1328 quum
216 1243 332 1307 intimo
353 1266 463 1307 amore
489 1255 583 1330 pater
598 1248 716 1333 filiae,
747 1252 830 1316 haec
860 1256 945 1338 patri
976 1256 1109 1321 addicta
1136 1270 1233 1344 esset,

87 1365 179 1430 quae
197 1345 318 1408 caritas
345 1345 530 1429 augebatur
555 1350 686 1415 infirma
714 1353 802 1416 filiae
831 1354 1040 1441 valetudine,
1070 1359 1233 1425 diuturnis

85 1444 215 1539 morbis
234 1467 308 1509 cum
331 1468 456 1518 summo
477 1449 565 1514 vitae
586 1454 733 1536 periculo
755 1453 967 1519 labefactata.
1012 1459 1118 1524 Erant
1139 1484 1233 1548 praes

85 1554 142 1609 ter
171 1544 256 1610 hanc
284 1545 373 1610 domi
401 1547 470 1611 filia
494 1551 630 1615 minima
658 1562 691 1616 et
720 1554 809 1617 filius
837 1556 954 1620 minor.
1004 1559 1112 1644 Major
1140 1570 1232 1645 natu,

87 1646 245 1711 absoluto
269 1669 367 1711 cursu
386 1649 421 1712 in
435 1653 609 1736 gymnasio
632 1654 764 1736 urbico,
785 1656 970 1742 Dorpatum
990 1683 1025 1723 se
1047 1662 1232 1727 contulerat

85 1757 127 1811 ut
149 1748 215 1811 arti
235 1747 419 1812 medicinae
448 1751 603 1816 studeret.
648 1755 736 1819 Huic
766 1767 897 1843 postea,
927 1759 1070 1826 doctoris
1099 1766 1232 1829 medici-

85 1870 153 1911 nae
181 1848 321 1932 gradum
349 1850 482 1936 adepto,
514 1875 534 1915 a
566 1853 661 1920 Viro
697 1856 1089 1948 Excellentissimo,
1128 1866 1229 1930 Illu-

87 1951 318 2031 strissimo,
339 1950 568 2036 Uvarovio,
589 1954 741 2023 Summo
759 1960 809 2022 rei
820 1958 987 2025 literariae
1006 1987 1065 2049 per
1076 1963 1230 2028 Bossiam

78 2050 304 2158 frassidi,
327 2073 427 2137 quum
446 2055 509 2118 viri
532 2060 673 2141 spectati
699 2068 733 2124 et
756 2059 925 2126 literarum
948 2066 1142 2128 commercio
1165 2065 1230 2129 sibi

86 2152 353 2238 conjunctissimi
380 2151 483 2216 filium
518 2166 686 2222 strenuum
718 2171 891 2248 protegere
920 2174 1053 2248 gratum
1083 2164 1229 2228 officium

84 2254 244 2335 haberet,
266 2274 383 2317 munus
405 2255 601 2339 professoris
622 2259 808 2345 chirurgiae
830 2264 865 2328 in
887 2266 1105 2329 universitate
1127 2265 1229 2332 Char-

87 2355 239 2421 coviensi
261 2353 452 2418 mandatum
473 2363 533 2419 est.
1135 2358 1137 2361 ’

175 2454 267 2518 Nihil
290 2455 342 2518 his
369 2456 464 2519 annis
492 2466 524 2520 et
551 2462 699 2546 corporis
733 2463 917 2529 valetudini
947 2464 1061 2530 utilius
1095 2475 1166 2531 erat
1197 2478 1230 2532 et

86 2558 164 2645 plus
180 2558 239 2621 otii
260 2565 359 2641 atque
373 2555 564 2622 refectionis
581 2563 690 2628 animo
714 2567 803 2630 curis
823 2569 1054 2652 aerumnisque
1072 2567 1228 2654 depresso

88 2658 287 2746 praebebat,
325 2679 423 2743 quam
457 2680 605 2727 secessus
638 2666 796 2747 rusticus,
830 2689 910 2751 quo,
943 2670 1071 2754 quoties
1102 2669 1228 2757 aliquot

87 2762 219 2825 dierum
241 2759 400 2824 festorum
420 2761 563 2845 spatium
593 2763 706 2857 datum
730 2774 817 2848 erat,
846 2765 1074 2832 lubentissime
1104 2771 1226 2853 gaude-

84 2863 161 2928 bat.
203 2859 385 2924 Nonnullas
400 2859 621 2926 hebdomades
640 2867 817 2949 quotannis
832 2868 958 2931 aestivo
977 2876 1122 2953 tempore
1140 2871 1228 2956 apud

86 2986 229 3050 generos
245 2961 396 3044 vivebat,
418 2971 451 3025 et
468 2963 539 3027 vita
559 2963 715 3048 simplex,
737 2964 993 3048 ambulationes,
1010 2977 1141 3050 gratum
1155 2991 1227 3033 suo-

1225 1209 1234 1242 7

87 3087 163 3129 rum
185 3062 453 3145 contubernium,
475 3065 605 3127 vacatio
630 3086 650 3127 a
670 3087 805 3131 munere
820 3067 938 3129 mirum
961 3076 1119 3152 quantum
1138 3069 1227 3133 vale·
1348 3092 1351 3095 ’

86 3165 239 3229 tudinem
261 3164 333 3250 ejus
365 3163 532 3229 labantem
555 3164 796 3230 sustentabant.
841 3166 977 3233 Praeter
1005 3168 1115 3232 studia
1142 3170 1227 3234 anti-

86 3266 226 3354 quitatis
249 3264 315 3328 illis
338 3267 539 3352 temporibus
561 3267 644 3331 nihil
671 3269 780 3353 magis
807 3270 952 3333 animum
980 3270 1051 3355 ejus
1082 3271 1229 3353 tenebat,¹

87 3389 190 3455 quam
210 3365 459 3449 mathematica,
484 3368 579 3453 cujus
598 3368 794 3455 disciplinae
815 3393 959 3435 amorem
978 3372 1013 3434 in
1034 3395 1136 3457 puero
1154 3374 1226 3457 jam

86 3470 295 3533 excitaverat
321 3477 429 3554 pater,
458 3469 530 3554 ipse
564 3468 673 3533 studia
700 3471 801 3556 vulgo
830 3471 1073 3555 dissociabilia,
1102 3474 1226 3537 mathe-

85 3572 244 3633 maticam
273 3577 306 3631 ct
331 3568 557 3656 philologiam,
585 3571 706 3654 optime
733 3573 949 3658 conjungens.
994 3573 1163 3658 Frequens
1186 3574 1227 3637 de

89 3672 143 3735 his
166 3670 265 3734 rebus
288 3691 393 3734 sermo
416 3679 487 3734 erat
508 3671 543 3733 in
561 3671 665 3734 literis
689 3672 732 3733 ad
744 3681 871 3756 patrem
891 3681 923 3734 et
935 3670 1148 3735 Guilielmum
1161 3673 1226 3734 fra-

87 3783 172 3837 trem
191 3771 294 3854 datis,
320 3780 352 3834 et
375 3792 442 3834 una
465 3792 538 3834 cum
558 3778 651 3854 patre
672 3771 805 3855 quidem
827 3770 899 3855 jam
928 3792 958 3832 a.
992 3771 1082 3832 1821.
1125 3771 1226 3835 Grae-

86 3896 163 3938 cum
181 3872 345 3958 quoddam
368 3873 570 3957 epigramma
593 3869 636 3932 ad
657 3870 923 3933 mathematicam
945 3879 1116 3955 spectans,
1139 3872 1228 3956 quod

87 3982 228 4039 vocatur
258 3973 425 4058 problema
461 3972 633 4054 bovinum,
671 3971 861 4055 evulgatum
894 3972 1036 4056 primum
1065 3993 1084 4035 e
1112 3971 1226 4035 codice

87 4072 352 4158 Guelferbytano
390 4094 410 4134 a
448 4071 528 4136 Viro
562 4070 755 4135 Clarissimo
787 4071 962 4156 Lessingio
997 4072 1033 4137 in
1068 4069 1226 4157 Symbola

88 4172 236 4237 secunda
257 4174 301 4236 ad
322 4174 494 4238 historiam
525 4183 557 4236 et
585 4171 789 4235 literaturam
818 4197 850 4259 p.
880 4175 954 4236 423.
983 4188 1071 4258 sqq,
1102 4171 1225 4236 additis

86 4274 358 4338 adnotationibus
389 4274 504 4339 edidit.
556 4273 654 4336 Anno
690 4273 771 4335 1820
800 4272 961 4357 singulari
991 4272 1093 4354 libro,
1129 4295 1225 4358 quem

86 4375 190 4461 patri,
213 4373 300 4438 diem
322 4377 466 4440 natalem
488 4377 731 4460 sexagesimum
752 4384 880 4438 sextum
902 4373 1098 4457 celebranti,
1125 4375 1226 4457 misit,

86 4476 251 4540 theoriam
274 4478 443 4563 proposuit
463 4476 625 4544 linearum
646 4475 888 4563 parallelarum:
932 4476 1030 4542 Anno
1046 4498 1125 4543 vero
1146 4477 1226 4541 1833
