2884 5184
242 469 289 515 xl.
554 458 638 505 VITA
659 456 738 503 CAR.
759 452 890 500 LUDOV.
913 451 1058 498 STRUVE.

243 636 352 698 minus
373 639 499 717 partem
520 627 636 692 saltem
657 625 756 710 hujus
779 624 887 709 operis
910 644 944 685 se
967 618 1195 685 absoluturum
1217 618 1381 705 sperabat.

244 736 400 798 Attamen
432 753 474 794 ne
505 728 567 794 hoc
596 726 728 813 quidem
759 725 885 788 factum
916 732 976 786 est.
1023 721 1181 786 Coetibus
1216 720 1381 784 hominum

245 856 320 898 raro
342 833 515 911 intererat,
539 829 627 894 domi
655 828 691 891 in
717 835 859 911 angusto
888 825 1066 888 liberorum
1094 831 1128 885 et
1156 820 1283 906 aliquot
1305 820 1384 882 ami-

246 957 357 1000 corum
378 930 500 996 circulo
511 929 739 994 lubentissime
752 927 958 993 versabatur.
989 925 1105 988 Mense
1122 921 1232 1008 Aprili
1250 942 1282 983 a.
1305 923 1385 984 1838

246 1057 289 1098 ex
309 1041 406 1119 capta
427 1031 678 1115 refrigeratione
706 1052 810 1114 grave
840 1029 966 1095 ventris
993 1025 1116 1090 malum
1130 1031 1295 1087 ‘exortum
1326 1031 1386 1085 est.

248 1134 362 1200 Crevit
384 1134 420 1196 in
447 1130 518 1194 dies
546 1130 698 1213 morbus,
731 1140 764 1195 et
792 1131 853 1195 sub
880 1130 979 1192 finem
1007 1125 1091 1211 Maji
1117 1125 1258 1206 mensis,
1286 1147 1387 1211 quum

246 1236 346 1300 nullis
368 1229 523 1299 remediis
541 1228 663 1294 malum
685 1230 790 1295 levari
813 1238 941 1317 posset,
963 1237 1068 1293 status
1089 1225 1291 1292 valetudinis
1315 1224 1388 1310 ejus

247 1336 325 1400 talis
358 1336 438 1415 fuit,
466 1341 503 1394 ut
537 1330 656 1394 medici
686 1331 726 1396 de
758 1331 964 1398 restituenda
992 1331 1134 1395 sanitate
1163 1328 1387 1414 desperarent.

248 1435 362 1520 Usque
384 1433 429 1497 ad
449 1433 598 1497 ultimam
620 1433 709 1497 vitae
731 1435 846 1498 horam
866 1454 959 1497 mens
980 1430 1086 1496 libera
1108 1451 1148 1494 ac
1168 1425 1286 1491 vivida
1307 1434 1388 1506 erat,

249 1546 282 1600 et
303 1536 376 1620 ipsa
398 1543 504 1616 nocte,
517 1556 601 1620 quae
622 1543 760 1599 mortem
782 1534 968 1615 antecessit,
981 1555 1081 1619 quum
1099 1552 1249 1596 somnum
1270 1548 1388 1614 capere

249 1637 373 1700 frustra
393 1642 570 1715 tentasset,
600 1636 794 1720 vigilantem
815 1658 867 1699 me
897 1634 1071 1699 Horatium
1101 1631 1252 1697 evolvere
1278 1629 1388 1715 jussit,

250 1746 287 1800 ut
311 1734 454 1814 videret,
480 1742 633 1818 possetne
660 1738 841 1800 carminum
869 1737 964 1800 initia
991 1736 1145 1820 deinceps
1168 1755 1210 1797 ex
1231 1731 1388 1795 memoria

251 1836 400 1900 recitare.
452 1832 525 1896 Hoc
552 1835 648 1901 modo
679 1847 747 1900 tres
780 1837 902 1922 primos
933 1837 1124 1902 Carminum
1150 1832 1253 1897 libros
1285 1830 1389 1918 perlu-

253 1936 442 1999 stravimus.
488 1931 554 1995 Die
577 1936 606 1994 5.
620 1937 744 2000 mensis
767 1937 861 2001 Junii
882 1939 964 2003 hora
984 1960 1073 2003 nona
1094 1934 1285 2020 vespertina
1303 1954 1388 1996 mors

253 2035 450 2102 suffocativa
472 2034 562 2099 vitae
584 2034 655 2118 ejus
676 2037 772 2101 finem
794 2040 960 2124 imposuit.
1005 2038 1088 2102 Nolo
1110 2034 1261 2123 pluribus
1284 2033 1390 2096 dicere

254 2138 294 2202 de
316 2157 441 2226 summo
462 2135 553 2198 luctu
575 2155 615 2196 ac
637 2132 766 2216 dolore,
788 2161 852 2223 quo
874 2139 987 2221 liberi,
1018 2161 1082 2225 quo
1107 2136 1300 2224 propinqui,
1331 2157 1391 2219 quo

255 2237 395 2322 denique
416 2257 544 2317 omnes,
567 2237 624 2322 qui
646 2257 721 2299 eum
744 2248 919 2321 noverant,
942 2249 1076 2325 accepto
1095 2239 1157 2302 hoc
1178 2238 1296 2301 nuntio
1318 2247 1392 2299 sunt

254 2338 406 2423 correpti.
429 2337 519 2401 Mors
531 2337 651 2402 acerba
662 2335 784 2399 liberos
798 2343 831 2398 et
851 2342 1049 2426 propinquos
1068 2347 1203 2426 parente
1223 2338 1391 2423 benignis-

255 2438 355 2518 simo,
389 2436 534 2503 scholam
564 2436 724 2500 directore
756 2436 1013 2524 promptissimo,
1048 2440 1162 2503 literas
1195 2437 1321 2502 cultore
1357 2461 1392 2500 ac

254 2544 498 2623 propugnatore
521 2538 696 2618 acerrimo,
720 2537 811 2600 cives
842 2532 914 2600 liro
944 2538 1057 2615 salutis
1085 2538 1239 2626 publicae
1270 2540 1393 2602 studio-

257 2638 386 2704 sissimo
408 2637 565 2722 privavit.
609 2636 676 2700 Die
706 2640 737 2701 9.
767 2637 860 2701 Junii
892 2636 1063 2704 sollemnes
1093 2640 1272 2726 exsequiae
1301 2641 1393 2704 insti·

257 2746 348 2802 tutae
371 2745 457 2801 sunt.
502 2738 543 2801 In
564 2738 737 2824 gymnasio
756 2738 871 2803 urbico
893 2759 1003 2801 coram
1025 2740 1305 2826 praeceptoribus,
1330 2742 1393 2805 dis·

256 2839 393 2927 cipulis,
412 2839 494 2905 viris
517 2837 647 2903 scholae
670 2840 884 2926 praepositis,
905 2859 1027 2923 magna
1048 2840 1224 2904 amicorum
1247 2841 1394 2905 defuncti

257 2963 395 3024 corona,
423 2939 618 3021 Muettrich,
651 2951 844 3028 praeceptor
874 2939 1065 3027 primarius,
1098 2943 1276 3005 orationem
1305 2943 1393 3007 fune·

256 3044 349 3109 brem
370 3043 496 3108 habuit.
541 3040 672 3105 Deinde
700 3042 758 3106 ubi
788 3063 908 3128 pompa
939 3040 1114 3127 processit,
1145 3043 1310 3106 maximus
1334 3044 1394 3107 fuit

257 3145 426 3209 hominum
455 3141 615 3225 cujusque
638 3142 762 3205 ordinis
784 3164 980 3222 concursus,
1013 3149 1046 3203 et
1070 3140 1314 3225 unusquisque,
1342 3147 1394 3231 qui

259 3243 429 3308 Struvium
450 3248 605 3319 noverat,
628 3242 795 3326 exsequiis
823 3243 983 3306 interesse
1008 3249 1041 3303 et
1061 3247 1225 3304 mortuum
1250 3242 1285 3304 in
1307 3247 1393 3309 cimi-

258 3345 378 3408 terium
402 3339 551 3406 comitari
574 3361 668 3403 suum
691 3364 763 3405 esse
795 3343 935 3428 putavit.
981 3342 1021 3405 In
1047 3339 1172 3405 tumulo
1192 3342 1393 3427 Laudienus,

259 3453 371 3532 pastor
394 3442 554 3507 ecclesiae
579 3441 732 3523 urbicae,
764 3443 945 3530 discipulus
975 3443 1053 3507 olim
1084 3442 1250 3525 defuncti,
1283 3454 1394 3529 postea
1429 3502 1430 3507 ,

259 3545 485 3610 familiaritate
508 3544 539 3608 ei
560 3543 867 3627 conjunctissimus,
887 3545 1029 3628 egregiis
1051 3542 1161 3609 verbis
1180 3546 1329 3610 omnium
1346 3569 1396 3608 no-

259 3649 347 3713 mine
366 3646 498 3711 ultimas
521 3667 635 3732 preces
657 3645 788 3728 effudit,
811 3668 872 3710 nec
903 3646 1078 3731 quisquam
1106 3665 1126 3705 a
1155 3641 1314 3732 lacrymis
1344 3647 1396 3711 ab·

260 3751 381 3814 stinere
404 3747 525 3834 potuit,
548 3770 648 3834 quum
680 3746 862 3812 identidem
893 3748 948 3832 pio
981 3746 1090 3809 animo
1124 3757 1274 3831 „patrem
1310 3748 1395 3813 Stru-

258 3852 373 3916 vium“
395 3857 539 3915 vocaret.

345 3949 448 4015 Juvat
469 3951 586 4037 paucis
608 3950 770 4031 indicare,
784 3971 869 4035 quae
883 3959 1021 4013 externa
1042 3949 1114 4032 ejus
1138 3950 1265 4034 speeies
1288 3950 1397 4030 fuerit,

259 4074 344 4138 quae
366 4053 511 4138 eorporis
542 4052 708 4137 animique
735 4051 839 4115 dotes.
885 4050 961 4137 Ipse
994 4074 1029 4114 se
1051 4049 1222 4115 Ludovico
1254 4050 1296 4114 de
1328 4052 1396 4115 Sin-

258 4175 333 4234 ner,
357 4150 522 4238 philologo
544 4153 709 4235 Parisino,
736 4175 876 4239 quocum
896 4153 927 4216 ei
948 4174 1007 4239 per
1033 4149 1158 4236 aliquot
1185 4173 1290 4215 annos
1317 4154 1395 4216 inte-

260 4254 326 4317 rior
346 4251 516 4318 literarum
537 4272 616 4318 usus
638 4263 725 4337 erat,
753 4256 801 4318 ita
824 4253 982 4318 describit
1010 4274 1040 4315 a.
1075 4254 1166 4314 1831.
1212 4252 1317 4334 „Sum
1341 4275 1412 4317 sex-

260 4352 361 4438 pedes
382 4351 516 4435 longus,
547 4355 627 4418 satis
651 4355 877 4440 corpulentus,
909 4353 1120 4418 nihilominus
1150 4354 1234 4418 bene
1263 4355 1402 4440 expedi<

261 4460 330 4530 tus,
352 4451 510 4536 cujusque
531 4457 734 4538 tempestatis
757 4457 1032 4541 patientissimus,
1055 4477 1161 4541 neque
1186 4456 1250 4518 iter
1271 4455 1395 4542 aliquot
