2884 5184
229 460 291 522 248
626 467 922 516 nnnrononus.

229 649 268 707 cf.
290 668 321 726 p.
345 643 396 704 43.
418 643 502 723 (bis.)
526 640 575 702 48.
603 641 675 702 234.
705 640 777 702 265.
805 638 876 700 280.
905 639 976 703 281.
999 641 1072 703 318.
1096 640 1168 702 384.
1197 638 1270 701 385.
1296 639 1374 718 (bis)

229 748 300 808 407.
322 747 410 819 443,
442 747 516 827 quin
534 745 589 805 lib.
612 744 642 804 9.
666 766 693 804 c.
715 741 765 801 21.
786 766 817 824 p.
840 743 911 803 379.
933 766 988 825 pro
1010 733 1080 803 ιιόῖν
1101 732 1216 815 αότός
1236 731 1372 820 sidon

227 840 380 927 λογησειας
400 848 521 908 restitui
542 847 653 907 debeat
680 834 751 904 adv
773 843 804 904 εἰ
827 836 938 917 αὐτὸς
958 867 987 906 ιι.
1008 867 1035 906 τ.
1053 850 1097 923 t,
1125 846 1190 904 noli
1215 843 1371 904 dubitare.

227 951 339 1031 Neque
360 950 449 1009 aliter
469 947 614 1008 sehabet
635 969 702 1007 cum
721 937 813 1005 ἕπᾶν
833 941 961 1024 γένοιτο,
980 946 1134 1029 quodlib.
1153 947 1181 1003 1.
1201 967 1226 1005 c.
1241 946 1271 1004 5.
1288 968 1320 1025 p.
1338 945 1369 1004 9.

226 1052 355 1129 legitur,
378 1051 430 1111 ubi
448 1050 500 1110 vel
515 1051 583 1130 ipsa
601 1050 754 1108 sententia
769 1044 845 1107 ἐπεὶ
862 1047 976 1127 γένοιτο
989 1049 1133 1129 postulat.
1165 1038 1261 1106 Ἐιιόν
1276 1068 1368 1127 prae-

227 1162 314 1212 terea
327 1154 358 1211 in
369 1151 548 1224 Heliodoro,
566 1150 648 1232 quod
662 1150 795 1223 memini,
810 1170 872 1209 non
888 1149 1036 1224 occurrit;
1055 1132 1175 1207 ἕπειδόν
1188 1149 1236 1207 bis
1250 1170 1281 1227 p.
1295 1145 1370 1206 279.

172 1314 174 1318 ,
228 1262 261 1312 et
276 1251 371 1327 3711,
398 1252 451 1312 ubi
477 1273 558 1312 nunc
584 1261 668 1313 recte
694 1260 825 1332 utroque
851 1251 920 1310 loco
951 1251 1164 1330 conjunctivus
1189 1250 1305 1327 legitur
1328 1270 1370 1308 ex

228 1352 344 1432 Corayi
372 1353 599 1427 emendatione,
635 1374 702 1413 cum
732 1361 823 1412 antea
850 1352 944 1432 priori
969 1351 1039 1411 loco
1067 1352 1238 1431 optativus,
1268 1350 1370 1409 altero

226 1455 296 1513 loco
318 1454 501 1515 indicativus
521 1475 556 1514 se
580 1455 763 1515 intulissent.
786 1488 827 1497 -
856 1474 882 1512 c.
906 1450 935 1512 8.
957 1474 987 1532 p.
1010 1450 1080 1512 120.
1102 1444 1147 1512 ότι
1173 1444 1372 1527 θεώμενος

227 1555 298 1633 lege
315 1547 519 1632 θεώμενον.
563 1557 710 1616 Similiter
733 1564 825 1615 antea
843 1574 897 1633 pro
920 1554 1060 1628 φθονοῦν
1082 1552 1203 1612 codices
1226 1553 1371 1611 nonnulli

227 1658 355 1731 φθονῶν
371 1659 530 1738 praebent.
553 1693 595 1700 —
633 1679 659 1717 c.
682 1656 731 1715 10.
755 1678 785 1736 p.
810 1651 880 1712 122.
902 1637 994 1712 τᾶλλα
1014 1643 1058 1723 οἷς
1079 1642 1112 1711 τὸ
1131 1649 1286 1724 πολυτελὲς
1309 1656 1371 1712 τῶν

226 1748 392 1833 ἐδεσμάτων
413 1748 429 1819 ό
451 1755 598 1837 Θεαγένης
617 1751 803 1840 διῄτησεν.
846 1755 963 1816 Ultima
980 1774 1042 1813 vox
1058 1764 1200 1835 corrupta
1220 1764 1282 1829 est,
1305 1777 1369 1816 non

224 1866 349 1937 propter
376 1860 473 1939 ipsam
495 1859 583 1919 verbi
604 1860 747 1932 formam,
774 1877 845 1917 nam
867 1856 1007 1938 quamvis
1027 1855 1143 1935 duplex
1171 1867 1368 1936 augmentum

225 1952 375 2037 ἕδιῄιησεν
394 1961 575 2040 plerumque
597 1959 769 2040 praelatum
792 1968 854 2032 est,
876 1980 939 2018 non
959 1966 1060 2018 tamen
1079 1958 1178 2018 altera
1195 1959 1295 2017 forma
1312 1981 1365 2019 ne-

226 2057 328 2135 glccta
355 2067 417 2136 est;
447 2060 589 2144 διητῶντο
608 2061 738 2119 Lucian.
762 2059 876 2138 dialog.
899 2059 982 2119 deor.
1005 2061 1112 2119 marin.
1143 2058 1196 2133 14,
1219 2056 1248 2115 2.
1271 2060 1367 2120 Alex.

227 2179 253 2217 c.
277 2157 343 2232 36,
374 2160 429 2220 sed
450 2162 532 2242 quod
552 2183 675 2243 prorsus
704 2162 797 2220 aliam
823 2182 930 2222 vocem
956 2163 1095 2244 requiro,
1124 2182 1204 2242 quae
1228 2162 1296 2221 fere
1318 2183 1365 2222 re·

227 2260 378 2341 spondeat
398 2263 509 2321 Latino
532 2267 706 2337 diatinpuere.
729 2295 771 2305 —-
801 2283 826 2322 c.
851 2261 900 2321 11.
919 2285 950 2343 p.
977 2261 1047 2322 123.
1070 2255 1139 2335 ὥςτε
1157 2259 1208 2321 καὶ
1229 2255 1283 2324 τὸν
1301 2265 1367 2321 Χα-

227 2358 328 2440 ρικλέα
348 2354 562 2440 καθεωρακότα
581 2356 624 2438 δὴ
647 2352 686 2421 τό
706 2356 865 2441 ἀνώμαλον
880 2386 907 2428 ιι.
923 2386 948 2424 τ.
965 2367 990 2422 λ.
1025 2365 1078 2424 Sic
1098 2363 1239 2444 Corayus
1263 2385 1365 2425 emen-

227 2461 312 2522 davit
332 2483 387 2542 pro
410 2464 536 2541 vulgato
556 2456 769 2539 οιαθεωροικότα
791 2454 859 2524 ἄλλ’
881 2456 902 2542 ἢ
923 2456 955 2526 τὸ
978 2453 1152 2542 όνοόμοιλον,
1173 2466 1257 2545 quod
1279 2488 1365 2541 sane,

227 2582 286 2643 quo
307 2583 341 2621 se
363 2571 500 2636 tueatur,
527 2563 710 2623 nonhabet.
754 2566 898 2626 Praestat
918 2569 1038 2626 forsan:
1062 2558 1278 2646 ιιαθεωραιιότα
1295 2557 1367 2627 αὖ·
1402 2621 1409 2640 ,

225 2664 289 2721 τοῦ
307 2652 340 2722 τὸ
362 2652 529 2738 ιἰνοόμαλον.
573 2662 652 2723 Ibid.
677 2685 707 2743 p.
734 2662 802 2724 124.
825 2665 853 2724 τί
874 2652 945 2746 ἆρα
967 2660 1103 2745 βοόλοιτο
1124 2656 1291 2746 ἆνιχνεόων
1313 2670 1365 2730 de·

224 2764 278 2823 bet
299 2784 367 2824 esse
387 2762 416 2821 τί
435 2755 506 2843 ἄρα
530 2766 558 2843 β.
573 2754 602 2824 οἷ.
616 2798 659 2808 -
680 2786 707 2824 c.
728 2760 776 2822 12.
795 2786 826 2844 p.
848 2765 918 2823 125.
940 2756 1016 2824 ἄλλ’
1036 2752 1056 2845 ἦ
1077 2765 1140 2827 καὶ
1161 2757 1252 2841 αὐτὸς
1272 2768 1367 2830 ἔοικα.

226 2863 278 2923 Sic
298 2863 454 2943 Oorayus3
476 2865 569 2944 vulgo
590 2854 656 2926 ἄλλ’
676 2854 697 2941 ἢ
718 2860 769 2922 καὶ
791 2852 878 2936 αὐτὸς
900 2863 990 2924 ἔοικα.
1034 2866 1097 2926 Sed
1123 2869 1193 2947 lege
1217 2872 1285 2931 sinc
1311 2873 1365 2932 du·

224 2967 290 3026 bio:
313 2954 412 3042 oat',
433 2963 452 3025 ἔ
456 2989 520 3044 φη,
547 2964 610 3027 καὶ
631 2954 719 3037 αὐτὸς
741 2961 832 3024 ἔοικα.
877 2966 957 3024 Nam
978 2965 1115 3027 Onemon
1128 2971 1194 3046 jam
1212 2972 1300 3053 loqui
1319 2976 1365 3033 in-

225 3069 307 3148 cipit.
329 3101 371 3111 -
392 3090 418 3128 c.
440 3068 488 3127 14.
508 3091 539 3149 p.
563 3066 631 3126 127.
654 3070 713 3127 τῶν
736 3062 768 3125 δὲ
784 3061 956 3144 ἐγνωκότων
976 3057 1093 3146 ιδπερὶ
1113 3060 1146 3128 τὸ
1165 3074 1250 3148 σῶμα
1264 3067 1366 3148 πόθος

223 3166 264 3239 εἰς
284 3161 379 3245 όνομα
408 3160 690 3250 κρατησάντων.
740 3167 889 3228 Ultimum
912 3168 1040 3228 verbum
1064 3170 1096 3228 in
1121 3172 1180 3231 hac
1209 3177 1366 3235 sententia

222 3291 285 3330 non
303 3270 462 3330 serendum
478 3271 571 3330 duco:
594 3271 682 3342 Fuit,
701 3271 735 3330 ni
749 3270 855 3343 fallor,
875 3263 1220 3348 superpelliciorum
1244 3276 1284 3334 cf.
1299 3276 1364 3357 Ap·
1424 3303 1425 3322 ι

221 3370 306 3450 piani
326 3370 427 3429 locum
449 3390 468 3427 a
491 3369 680 3430 Schneidero
703 3373 736 3430 in
756 3372 875 3431 Lexico
900 3371 1034 3430 citatum.
1054 3405 1097 3414 —-
1119 3392 1146 3430 c.
1171 3371 1220 3431 16.
1240 3396 1272 3454 p.
1294 3375 1364 3437 129.

222 3466 351 3553 ἐπῳδαῖς
372 3466 616 3548 ἕπανέχονσα.
660 3474 734 3533 Fuit
754 3473 886 3532 fortasse
908 3468 1174 3549 ἐπιγαίνοοσα.
1194 3507 1236 3517 -

306 3572 375 3633 Lib.
397 3573 454 3634 IV.
478 3593 504 3632 c.
525 3571 555 3632 3.
580 3595 611 3655 p.
637 3573 707 3633 137.
737 3569 788 3632 acl
813 3562 871 3649 τὴν
890 3571 1058 3631 πανοπλίαν
1085 3563 1172 3645 evoli
1199 3571 1366 3655 ἐφειστήκει
1423 3637 1424 3672 1

221 3674 257 3756 τῇ
278 3672 412 3753 βαλβίδι,
435 3668 487 3735 τὸν
509 3666 621 3754 δρόμον
639 3663 817 3751 ἀσθμαίνων
839 3671 890 3732 καὶ
912 3663 945 3734 τό
966 3663 1048 3753 παρὰ
1067 3675 1119 3751 τῆς
1136 3667 1301 3755 σάλπιγγος
1320 3675 1334 3737 ἒ
1353 3714 1365 3723 -

220 3768 343 3851 δόσιμον
369 3765 467 3836 όιιων
493 3773 544 3836 καὶ
574 3768 658 3854 μόγις
688 3768 856 3851 οἶναμένων.
907 3776 1092 3854 Theagenes
1121 3775 1215 3836 tubae
1244 3779 1364 3857 signum

219 3878 273 3936 vix
300 3877 423 3959 quidem
452 3887 635 3959 exspectare
661 3878 776 3959 potuit,
804 3877 860 3938 sed
887 3878 972 3936 nullo
1001 3877 1090 3936 modo
1119 3882 1226 3936 invitus
1277 3881 1362 3959 Lege

218 3966 325 4055 σἰιιην.
346 4010 389 4022 -
410 3997 437 4037 c:
460 3979 490 4039 4.
512 4001 543 4059 p.
562 3977 631 4039 138.
655 3975 715 4038 ἐπεὶ
734 3969 771 4057 dr}
791 3974 881 4055 μέσον
899 3969 1035 4055 ἠνύετο
1055 3968 1088 4037 τὸ
1110 3969 1242 4037 στόδιον.
1277 3982 1362 4060 Lege
1422 3989 1423 4002 ³

219 4070 366 4156 ἤνυστο.
410 4079 489 4139 Ibid.
505 4102 535 4160 p.
555 4078 624 4138 139.
644 4070 678 4138 od
694 4070 788 4156 μόνον
805 4067 1002 4156 όιιονσμότων
1019 4067 1178 4158 ἆιιόμεστος
1193 4070 1254 4160 ἅμα
1268 4065 1360 4159 ἦσθα,

219 4166 408 4257 ο111νήμων,
431 4169 507 4241 ἀλλὰ
528 4177 578 4239 καὶ
600 4173 686 4264 όπνιμ
708 4172 889 4252 ὄνςόλωτος·
920 4172 978 4257 ἤδη
998 4180 1074 4256 γοῦν
1098 4167 1154 4237 οόιι
1175 4170 1278 4259 όλίγης
1297 4181 1422 4259 μο1-’

218 4302 271 4356 ρας
290 4283 342 4359 τῆς
361 4269 468 4352 νυκτός
488 4279 711 4360 παρωχηιινίοις,
742 4267 870 4357 ιἰντέχεις
891 4270 1073 4361 ἕγρηγορώς,
1102 4276 1154 4338 καὶ
1175 4270 1231 4358 τὴν
1257 4275 1358 4360 διηγη-
1421 4289 1422 4292 ’

216 4395 265 4438 σιν
279 4378 486 4459 μηκυνομένην
504 4371 561 4440 οὐκ
583 4370 815 4452 ἆποκναίεις.
854 4383 960 4444 Verba
977 4393 1131 4462 postrema
1150 4383 1273 4443 sincera
1289 4404 1354 4444 esse

216 4496 278 4533 non
302 4499 393 4553 posse
419 4483 496 4541 vidit
522 4503 644 4563 quoque
668 4483 824 4563 Corayus,
853 4486 906 4565 qui
936 4486 979 4544 ita
1001 4486 1102 4545 locum
1129 4485 1271 4545 refinxit:
1306 4480 1354 4542 καὶ
1420 4529 1421 4540 .
