2884 5184
604 464 799 511 ORAGULA
823 463 1059 511 SIBYLLINA
1160 470 1165 477 '

521 637 685 716 ndeaykoi
981 638 1148 716 tekiupnsc

520 739 685 816 cuoipeciu
982 741 1155 798 euuiteaou

519 839 686 917 tltixopton
984 841 1128 916 contaiup

518 939 697 998 nooxnociu
981 940 1085 1000 euicui

522 1038 678 1119 cinkapko
986 1041 1127 1118 tctoiaxy

517 1139 674 1219 poullape
988 1149 1137 1200 tecuuutn

519 1239 656 1298 cikaouu
985 1242 1086 1300 tontui

206 1376 209 1381 >
271 1343 353 1425 quod
376 1351 438 1402 est:

316 1472 319 1477 ⁴
436 1442 489 1519 ηδε
508 1443 594 1500 λυκοι
614 1460 644 1500 τε
660 1462 691 1501 κι
713 1461 799 1523 αρνες
820 1463 853 1502 εν
871 1460 991 1521 ουρεσιν
1010 1464 1104 1520 αμμιγ
1123 1443 1240 1502 εδονται

438 1564 544 1623 χορτον
565 1587 782 1603 ........
798 1526 801 1533 ’
808 1586 998 1604 .......
1019 1558 1122 1604 σονται

437 1666 475 1723 αρ
494 1688 502 1703 .
522 1695 529 1707 .
553 1688 561 1702 .
581 1693 588 1705 .
611 1658 772 1724 μοσχηοσιν
792 1665 844 1721 ομι
858 1660 909 1704 σαι
931 1689 1121 1710 .......
1146 1661 1195 1704 σιν

438 1765 532 1824 καρκο
554 1789 687 1805 .....
711 1765 792 1824 γεται
814 1765 925 1824 αγυρον
941 1764 1023 1825 παρα
1044 1789 1052 1804 .
1075 1795 1082 1807 .
1107 1795 1114 1808 .
1136 1797 1142 1810 ,

438 1887 567 1905 .....
588 1865 633 1917 τις
661 1867 723 1922 αμα
745 1860 810 1923 τησι
829 1867 1033 1923 καομητονται.

271 1949 341 2007 Non
361 1946 486 2005 dubium
508 1947 613 2026 itaque
641 1954 701 2019 cst,
732 1949 806 2027 quin
833 1956 896 2006 tres
925 1950 1014 2028 primi
1039 1968 1147 2008 versus
1172 1946 1255 2027 apud
1280 1950 1400 2008 Lactan-

270 2051 344 2109 tium
366 2049 409 2107 itu
427 2047 490 2125 legi
512 2047 659 2121 debcant,
681 2049 908 2128 postulantibus
925 2057 986 2108 tum
1006 2048 1160 2108 codicibus
1176 2051 1303 2128 scriptis
1324 2071 1400 2131 quan

270 2154 339 2230 ipsu
362 2147 496 2208 editione
518 2148 564 2206 A:
1419 2156 1420 2159 ’

437 2239 491 2326 ἠδέ
507 2251 588 2319 (sive
616 2247 648 2309 οί
671 2245 716 2321 δέ)
741 2242 827 2309 λάκοι
851 2270 882 2309 τε
907 2247 958 2310 καί
985 2242 1072 2328 άρνες
1101 2245 1134 2309 έν
1158 2243 1283 2329 οάρεσιν
1305 2236 1420 2329 άμμιγἈ,

768 2348 884 2410 ἔδονται
1419 2346 1420 2349 “

438 2443 544 2529 χόρτον
550 2493 560 2527 ,
576 2444 737 2531 παρδάλιές
755 2439 783 2508 τ’
807 2447 920 2531 ἐρίφοις
938 2444 1000 2529 άμα
1016 2445 1224 2531 βοσκήσονται,

436 2544 539 2629 άρκτοι
561 2542 617 2609 σάν
637 2544 790 2628 μόσχοισιν
809 2542 885 2628 ὁμοῦ
903 2551 953 2612 καὶ
976 2554 1049 2614 πᾶσι
1070 2554 1191 2632 βοτοῖσι.

271 2657 308 2714 In
326 2674 418 2713 versu
441 2660 550 2733 quarto
572 2651 616 2709 nil
636 2650 859 2711 emendandum
882 2658 942 2727 est,
972 2675 1075 2733 quom,
1099 2655 1181 2734 quod
1198 2656 1266 2730 jam
1289 2664 1398 2715 veteres

273 2755 437 2827 editiones,
462 2762 496 2810 ut
522 2752 668 2826 vidimus,
698 2752 816 2812 habent
837 2774 899 2812 una
927 2774 994 2814 cum
1022 2755 1127 2815 codice
1155 2764 1259 2816 nostro
1285 2751 1398 2834 φάγεται

271 2878 326 2938 pro
348 2843 465 2933 φάγετ’.
510 2854 574 2915 Sed
593 2857 626 2914 in
646 2854 753 2936 quinto
778 2876 871 2915 versu
898 2875 1000 2936 neque
1027 2844 1171 2936 άμάτορσι
1195 2865 1324 2936 propter
1345 2877 1394 2914 me·

270 2968 365 3032 trum,
392 2977 493 3038 neque
515 2946 675 3036 άμάτροσι,
704 2955 786 3036 quod
813 2957 839 3014 B
867 2957 975 3030 habet,
1000 2957 1073 3017 ferri
1097 2966 1208 3035 potest.
1254 2957 1395 3035 Sibyllino

272 3060 402 3120 vidimus
421 3059 495 3117 dure
515 3048 577 3133 άμα
595 3054 696 3132 σφίσι,
728 3057 879 3130 codicem,
906 3059 1001 3117 invito
1029 3065 1125 3117 metro
1153 3068 1185 3118 et
1214 3073 1323 3130 sensu,
1346 3048 1417 3141 άμα

272 3161 348 3240 τῇσι.
391 3156 473 3235 Quid
494 3157 704 3237 reponendum
726 3159 780 3231 sit,
801 3178 863 3218 non
881 3159 983 3218 video.
1416 3148 1417 3153 ¹

722 3323 818 3383 ubic.
847 3324 878 3400 ς.
904 3325 951 3385 13.

357 3441 414 3511 „zu
433 3443 487 3498 auo
505 3443 562 3498 τοι
580 3443 614 3498 ιι
633 3444 870 3502 chormarcum
1195 3440 1203 3456 ·

436 3537 488 3600 καί
507 3533 571 3600 τότε
591 3530 629 3617 δὴ
649 3531 744 3620 χαράν
762 3536 893 3621 μεγάλην
912 3533 983 3615 θεὸς
999 3535 1128 3624 ἀνδράσι
1144 3540 1240 3603 δυ’σει.

436 3638 488 3701 καὶ
506 3633 564 3720 γάρ
585 3643 624 3720 γῆ
648 3639 699 3700 καί
721 3639 830 3721 δένδρα
851 3641 901 3702 καί
921 3637 1031 3703 άσισετα
1050 3640 1206 3722 θρέμματα
1224 3642 1310 3721 γαίης
1414 3658 1415 3661 ’

437 3735 584 3802 δώσουσιν
603 3733 719 3822 καραδν
738 3732 792 3803 cdv
813 3733 962 3822 ἀληθινὸν
978 3734 1167 3823 άνθράισοισι

435 3841 520 3900 οἴνου
538 3839 601 3901 καί
607 3839 721 3919 μέλιτος
741 3844 871 3922 γλυκέος
892 3847 999 3905 λευκοῦ
1018 3865 1048 3904 τε
1070 3837 1226 3928 γάλακτος,

438 3939 490 4001 καί
506 3942 601 4019 σίτου,
623 3935 693 4022 ὅπερ
715 3940 776 4003 ἐστὶ
796 3945 912 4024 βροτοῖς
933 3937 1090 4006 κάλλιστον
1108 3935 1259 4004 άιτάντοιν.

270 4044 322 4103 ubi
343 4039 525 4121 γλυκυτέρου
547 4065 602 4123 pro
624 4043 771 4121 γλυκέος,
791 4045 874 4125 quod
895 4047 1002 4105 saltem
1022 4042 1145 4124 γλυκέος
1174 4062 1244 4105 esse
1271 4043 1387 4105 deberet

270 4144 300 4203 A
328 4152 359 4202 et
387 4142 421 4202 Ο.
480 4144 649 4204 Praetores
675 4147 815 4220 ηκλιστον
841 4166 897 4224 pro
922 4135 1082 4204 κάλλιστον
1103 4144 1147 4218 Α,
1177 4144 1259 4224 quod
1287 4133 1389 4219 ἥδιστον

272 4245 367 4302 fuisse
389 4244 521 4302 videtur.
558 4245 596 4302 In
619 4244 763 4322 Sibyllin.
785 4246 928 4323 leguntur
948 4245 981 4303 hi
1002 4262 1109 4303 versus
1133 4240 1162 4302 3.
1189 4264 1219 4300 v.
1243 4240 1303 4301 619
1321 4257 1385 4316 sqq·‚

270 4341 323 4399 ubi
350 4343 381 4399 in
410 4343 506 4422 primo
533 4338 769 4424 νουσα-χάρμην
795 4353 912 4417 exstat,
945 4353 1009 4404 tum
1033 4365 1064 4403 v.
1093 4341 1123 4401 2.
1152 4343 1275 4418 ποίμνια
1301 4331 1387 4415 μάλα

270 4457 325 4513 pro
347 4438 504 4515 θρέμματα
524 4442 617 4518 γαίης.
660 4445 802 4504 Tundstn
818 4465 911 4505 versu
933 4453 1040 4526 quarto
1060 4445 1216 4523 γλυκεροῦ.
1261 4437 1384 4500 Codicen
